5170
12655
14465
15728
13878
2523
-8921
-10308
-9652
-6154
1160
11407
16568
16132
6085
-11088
-19194
-17324
-14939
-11437
-326
10304
17527
17860
9752
-846
-7051
-11263
-13741
-8206
4095
13574
16575
9970
1470
2318
-2896
-16224
-20983
-17169
-8335
5937
14381
14069
13086
8982
-3173
-11811
-10847
-7894
-3059
9486
19713
17766
11029
-2158
-16731
-18987
-13279
-12029
-7140
4383
12008
15938
14807
5375
-6390
-11738
-13058
-10662
-795
11835
18379
17588
6882
-94
-1511
-11277
-21358
-20522
-12350
-250
12130
13717
9796
6389
-85
-10370
-11061
-5578
-789
7421
19517
20637
11223
232
-13049
-18926
-14134
-9087
-9275
-1469
7619
11354
12389
8227
-3001
-11110
-11723
-9225
-2287
9937
19532
20167
10093
-3756
-7093
-9114
-14673
-14177
-9270
-3724
7296
14159
9678
3894
1053
-7376
-12814
-7630
-1034
4859
15260
20366
10018
-1075
-9448
-15159
-13746
-5637
-4635
-3525
5219
9512
9488
8077
975
-9480
-11018
-7836
-3111
4779
14910
17018
10800
-2326
-10847
-8903
-9521
-9334
-5250
-1080
3976
12028
13100
5263
-1939
-6168
-10775
-9373
-1898
4465
10848
16096
8473
-4266
-8206
-9160
-11544
-6311
-745
-2610
2406
10333
10670
6698
2354
-6494
-11964
-8990
-1459
3991
12141
17506
10516
-4397
-15155
-12274
-9074
-6143
-969
567
1812
9583
12639
6190
-1350
-5024
-8611
-8934
-1751
5629
11488
17246
13602
-3663
-15587
-15375
-11469
-7117
-348
1935
3325
8962
10996
5439
-1888
-6222
-9041
-7624
-551
6538
11851
17266
13059
-4495
-18153
-15667
-10368
-6345
1024
2775
1545
8617
12268
5606
-2127
-5923
-8858
-7550
-1183
4155
10442
17479
16538
-778
-17744
-18734
-10517
-4108
2451
4605
2120
5498
9445
5754
-2278
-6492
-9132
-7866
-970
5025
9334
15712
16683
738
-17755
-19203
-9235
-3450
2414
7469
3562
2921
8018
5945
-4370
-9473
-8732
-7481
-1347
7039
10791
12825
14839
3091
-16893
-19935
-8592
-3113
149
7669
5751
2737
7863
7637
-3275
-11128
-10779
-8147
-1571
6738
11260
14185
17773
5347
-16326
-20295
-8296
-1820
-1139
5911
6133
609
5214
7789
-1624
-9777
-9865
-7341
-1824
5386
9156
10994
15982
10269
-13072
-22266
-9431
-51
-1879
4170
9902
2021
302
5182
-771
-10398
-9504
-6072
-2773
4486
11876
12795
15105
13885
-9079
-28377
-17604
757
2068
2558
11240
6676
-461
3405
943
-9289
-10157
-5090
-3122
1430
9737
12766
11309
14412
1972
-22945
-23712
-3600
3839
102
6702
9534
1734
753
2119
-5398
-10131
-4939
-691
-455
2834
9570
10491
10379
8260
-10177
-24391
-12101
5380
3336
948
7409
4506
-137
2207
-196
-7509
-6693
-960
816
1416
4952
6256
6756
11343
3089
-17470
-19509
-1957
5468
478
3896
6975
2004
2284
2863
-4589
-9787
-5390
-888
1885
5857
7426
4954
5420
7796
-5322
-20536
-13816
3499
6221
1884
4495
3959
66
1420
1407
-5715
-7642
-1958
2353
3570
4321
3762
2167
5270
7808
-5551
-18929
-11121
3563
4910
1832
3841
3395
588
2542
1916
-4950
-7156
-2984
2334
3442
3650
5310
4549
5017
5622
-7788
-19379
-10266
4192
5273
2429
5074
3842
-1113
-436
-123
-5018
-5714
-549
4050
4515
4028
3543
2211
2913
3280
-8627
-16922
-6773
6408
6279
2347
3111
1556
-2501
-1253
694
-4362
-5615
351
5088
4731
3964
3066
979
1892
3909
-6367
-15458
-7113
5554
6048
2052
3588
3251
-1538
-2498
-221
-3624
-6320
-1528
4723
4496
3801
4527
2153
1685
4609
-4494
-16518
-10749
3777
7633
4843
4728
2346
-1901
-3644
-2397
-4088
-5411
-1893
3127
4650
5085
4796
2764
1606
4347
-579
-14262
-13976
-576
6698
5569
6090
4146
-1124
-3784
-3140
-3686
-5361
-3554
1498
5401
6128
5619
3907
1483
2240
2274
-8511
-15883
-6974
5004
7117
6196
5743
1277
-4143
-5484
-2983
-2997
-4160
-1486
4182
6424
5146
3064
1687
898
2966
-1150
-12959
-12859
30
9118
7121
3497
1280
-2589
-5577
-3477
-1229
-2250
-1636
3166
5052
3089
2664
2103
241
1443
3105
-6121
-13766
-5576
6636
7801
3701
1954
-60
-3646
-3757
-1853
-3130
-2488
2076
4922
3319
2624
1519
-725
-366
4892
2812
-10408
-13211
-578
8693
5884
2204
1509
-1612
-3830
-1645
-1444
-3579
-2525
1584
3599
4308
4477
1514
-1445
486
5073
-1007
-12877
-10495
2807
8215
4413
2479
1915
-2283
-5014
-1750
-608
-3173
-2231
2254
4924
4938
3175
29
-1304
2423
5447
-4384
-15069
-8637
6188
9237
3476
1762
-900
-4835
-2431
1285
-1896
-4048
71
3957
4410
3449
790
-1541
379
5454
3534
-8896
-13503
-2111
8162
5173
912
645
-1915
-3452
440
1424
-3508
-3807
831
3235
3032
2672
664
-397
3203
6803
-1326
-12894
-9339
4032
7767
1734
-541
-572
-2871
-1220
3875
837
-4898
-3345
1106
1983
1600
1160
288
1565
6745
6827
-5429
-13975
-5668
5340
3371
61
2967
703
-4327
67
3812
-1743
-4473
-850
267
-244
2644
4043
885
2414
7581
395
-13005
-10940
2200
6250
2331
1956
1370
-3561
-2278
3856
1374
-4873
-3732
201
1012
2173
3788
1439
-298
4175
5178
-5755
-12771
-3310
6983
3570
-600
2560
811
-3598
-257
2088
-3692
-5004
596
3040
1681
2433
2073
-742
1113
6095
1483
-10705
-10377
3658
8549
943
-541
1601
-2622
-3854
1958
559
-5608
-2835
3710
4204
2568
2717
758
-1315
2407
4054
-6191
-14644
-3814
12001
9368
-126
-853
-1367
-4694
-2689
-528
-4556
-4507
3941
7912
3877
1068
171
-1106
495
4081
-622
-11242
-10345
5233
13275
4567
-2273
-1829
-3229
-3998
-604
-1675
-5973
-2197
5851
6691
3635
1941
-214
-1729
1213
2929
-4698
-11224
-2665
11063
10007
-333
-4104
-3715
-5201
-2880
1853
-135
-3308
1263
5871
3828
176
-1111
-1706
-157
3916
3073
-5234
-7883
1818
8773
2915
-3809
-2809
-2417
-2730
624
2400
-2066
-2838
2350
3914
675
-883
-421
-928
873
4721
2171
-5027
-4036
3050
4213
-2123
-4601
-1502
-1000
-873
2815
2440
-696
957
3366
-441
-5170
-2854
206
727
5423
8834
2766
-4098
-3604
-1516
-4001
-5868
-3179
-108
1609
4448
5928
3240
-1
-620
-2873
-6835
-5129
797
3485
5694
8954
5655
-3812
-8313
-3403
1695
-691
-4584
-2608
91
1384
3772
3833
-112
-2148
-149
-1735
-4665
-2068
944
2039
5365
7788
3086
-2420
-153
4277
-350
-9817
-10837
-3022
2561
3574
5254
3024
-1594
-359
2075
-989
-3971
-3632
-1656
2328
6898
7165
1224
-3559
-3168
-2419
-4925
-4000
3253
5471
812
1549
4839
373
-4826
-4657
-4612
-4768
-1049
3581
5059
4627
3238
123
-2988
-2617
-222
-1236
-2922
-185
4224
4618
3634
4020
62
-7398
-10150
-5309
272
2936
4647
5643
4781
2893
47
-5848
-9280
-5561
-530
1612
4599
7156
5347
1032
-2050
-4192
-6363
-4297
2055
6313
5300
3258
2175
-177
-3010
-4012
-4728
-6864
-5787
300
5194
6401
6712
5498
126
-5520
-6510
-5449
-3936
288
5070
5149
3256
3723
3446
-410
-2094
292
578
-2877
-6752
-7397
-2846
3635
6303
4947
585
-2505
-2152
-2262
-2289
-912
-62
677
2217
4089
4249
2124
-415
-1889
-3930
-5322
-2716
916
2541
4185
5026
1122
-2255
-1561
-1399
-2178
-1298
-1618
-1972
-282
2209
3653
2089
228
-1578
-4050
-3718
677
3198
1817
897
1537
1090
-98
1307
4027
4887
1543
-6866
-11282
-5563
1018
4434
6545
5045
490
-2695
-3749
-3893
-2401
-1320
-1653
93
3913
4985
3600
1720
-369
-2936
-4832
-3406
1651
3945
3405
3689
1290
-2415
-3254
-1497
-661
-1816
-4266
-4564
-1778
2562
6410
6312
2393
-860
-3845
-5659
-3228
648
2895
3472
4285
3654
703
-2322
-4091
-4945
-3263
-365
2206
4146
5193
4940
5079
2472
-5903
-10698
-8230
-5820
-4264
2483
8675
9930
9573
5110
-4554
-11187
-11681
-8035
-2456
2268
6150
8488
8420
5805
1858
-3134
-6099
-6399
-4969
-1990
2532
6744
7325
5619
2484
-1776
-5664
-7508
-7142
-4308
-957
1682
3498
5091
4365
244
-3221
-4879
-4418
-835
3207
3414
3256
3961
3819
2960
1266
-819
-2334
-2758
161
4597
809
-7356
-7336
-1225
572
797
2543
2260
-511
-1604
479
1262
493
304
1262
513
-1556
-2702
-2662
-1468
2157
2952
-679
-2312
98
3329
3421
2582
550
-3823
-5957
-1526
2860
3757
3543
2483
29
-2587
-3808
-4391
-3835
-1961
58
1020
2315
3511
3963
1409
-1942
-3555
-2437
-1074
-2044
-1164
1809
4059
5031
5712
4148
634
-3434
-6134
-4647
589
1231
-3249
-3212
325
2198
3348
3907
314
-4162
-5840
-3747
336
3027
3840
3604
2189
190
-148
-2389
-5052
-3252
641
1795
2815
3946
2899
1015
-560
-1874
-3033
-2799
-2249
-789
779
2915
4426
4026
1788
98
-2622
-7265
-7425
-2459
1328
1653
2247
2168
2260
2478
3137
2356
-1311
-4358
-3440
-414
2380
5309
5367
3219
1755
778
-3860
-8622
-8698
-5086
-2133
997
5025
5912
3645
476
-1002
-2363
-2944
-2079
-337
562
680
1819
3501
2929
1872
1027
-2145
-4065
-2454
-76
679
1249
757
212
739
1357
869
-1413
-4231
-4764
-1343
2363
3703
3482
2364
-913
-2537
-1392
-1754
-2789
-2307
-1053
698
3435
4922
3517
696
-992
-2737
-2841
-748
1228
2013
1860
1857
2368
1709
-1073
-2781
-3449
-3269
-1914
254
1105
503
458
1233
1269
1217
562
-1669
-3325
-2988
-822
1626
3006
2936
2528
860
-644
-938
-1879
-3052
-2860
-1619
375
3086
4822
3618
1241
-995
-3082
-3946
-3088
-1060
642
1694
2813
3609
2764
585
-2418
-5341
-5681
-1830
1854
1752
548
1452
2139
2378
2738
1330
-2245
-4807
-4156
-928
2083
2324
1425
1581
2778
2512
693
-2378
-4080
-3496
-2284
-1470
736
2732
3224
3252
3162
1668
-2031
-5201
-5459
-2731
397
1611
1349
3162
4962
3328
-505
-2801
-3456
-2877
-2245
-1727
-577
703
1737
3522
5042
2266
-2300
-3700
-2842
-1346
350
212
-350
1147
3828
4274
1377
-1640
-2154
-2666
-4306
-3990
-1661
86
2458
6295
6871
2016
-2783
-4518
-3544
-890
520
-793
-1124
1302
3781
4040
1788
-1767
-3520
-2335
-1578
-1016
-242
66
999
3358
3508
995
-1729
-3181
-2492
324
1891
461
-417
457
1779
2044
389
-1799
-1636
-1343
-2180
-2217
-1097
42
1936
3782
3867
1057
-3190
-4794
-2612
435
1444
1389
1363
2026
3023
2053
-1381
-3332
-2769
-1778
-650
399
573
1311
2916
3187
1657
-1505
-5460
-5983
-1485
3271
4110
2576
900
255
1342
1192
-1513
-3690
-3779
-2244
544
2722
2406
1051
1054
1437
1506
-735
-5292
-6071
-1760
2520
5203
5875
3825
404
-2486
-4639
-5005
-3267
-1337
448
2071
3098
3442
3096
1370
-998
-2865
-4390
-4894
-2024
2236
4745
5158
4221
2063
-466
-2476
-4256
-5308
-4261
-678
3304
5012
3901
1376
-976
-1784
-862
-424
-2508
-4544
-2666
1648
4503
5515
4798
1622
-2589
-4591
-4076
-3246
-2141
366
2506
3436
3847
2862
-167
-2995
-3164
-1717
-927
-838
-164
815
1982
3571
4140
2038
-2028
-5222
-5237
-3314
-456
2514
4214
3491
1355
-207
-1546
-2347
-1728
-908
-932
-105
1960
3005
1873
912
703
221
-1027
-2869
-3431
-1770
328
1940
3228
2551
122
-1668
-2671
-3139
-1289
1102
1898
1843
1441
711
509
875
577
-591
-1953
-2731
-1585
763
1705
1446
623
-762
-1179
32
134
-1395
-1930
-712
1592
3100
2677
1038
-906
-1763
-624
830
-409
-2604
-1773
188
662
1526
1217
-754
-904
469
589
-646
-1761
-1498
412
1992
2519
2665
1894
-454
-1235
-562
-1678
-3110
-1963
-208
699
1786
2135
1145
-282
-1041
-1372
-1602
-1851
-1014
1045
2370
2205
2771
2617
464
-1002
-2185
-4134
-4299
-1460
1871
3671
2556
461
-319
-49
262
11
-1861
-3706
-2685
481
2954
3972
4118
2272
-488
-1957
-2837
-3907
-3749
-1932
1400
4127
3998
1492
-648
-1510
-1360
-578
-879
-1832
-578
1539
2203
3212
3631
1842
-1202
-3222
-3853
-3599
-2930
-1016
2307
3851
2736
1256
321
-1151
-1761
-735
-367
-1136
-758
788
1730
2148
2045
1619
188
-1813
-3110
-3381
-2919
-1501
1920
4549
3175
586
-261
-1032
-1498
-1442
-1083
-520
-133
948
2507
2245
593
-336
-929
-1056
-602
-601
-1407
-1600
-114
1628
1727
720
-621
-1074
-509
196
1178
1538
49
-1226
-461
761
763
308
-457
-1272
-723
-344
-866
-332
1164
1084
442
300
-96
-468
-336
-461
-607
-249
330
1106
1478
1402
540
-814
-1964
-1873
-411
524
363
425
279
-502
-339
-32
-574
-594
55
434
1120
1548
302
-668
319
1531
506
-914
-1364
-1742
-1715
-1156
36
1647
2065
1566
1066
-421
-1597
-1423
-716
-402
-88
107
290
762
1852
2694
1214
-1689
-3190
-2833
-1350
291
1836
3086
2045
548
-65
-906
-2226
-2921
-2216
128
1716
1308
730
684
1194
1939
1207
-1486
-2949
-2760
-1664
-370
1665
3617
3552
1968
-301
-2160
-2569
-2511
-2064
-28
1325
1325
1135
1841
2026
911
-786
-2376
-3171
-3056
-1890
44
2490
3719
3570
1822
-828
-3143
-3030
-1718
45
2699
2750
719
-33
958
1077
668
-452
-1847
-3187
-3043
-1861
-1010
410
1229
1718
1962
1752
-276
-1537
-1653
-794
1280
2451
2060
1400
1506
791
353
-1019
-2702
-2567
-918
-793
-586
1047
1155
-660
-1960
-1178
-434
464
434
329
1080
1135
129
493
1500
1443
1371
2454
2072
-2251
-4667
-2112
298
-1083
-1739
890
1318
-1367
-1354
698
682
703
715
-896
-2004
-738
951
1666
2728
3277
3383
2079
-2243
-5313
-1827
1099
-755
-2544
-437
924
-991
-806
636
1177
1324
366
-1319
-1537
-1565
-26
1685
2721
3817
3245
-106
-3702
-3284
-1400
-1153
-218
1536
1325
289
-435
-791
-479
311
111
-601
-429
-501
-304
940
1735
1585
1746
550
-2149
-2134
306
71
-829
748
979
-1056
-2356
-1534
-391
1092
2155
1624
339
175
-188
-489
43
122
1029
1095
-797
-1670
271
345
-731
-218
981
-54
-1672
-1364
-1370
-154
1652
1764
1047
921
-191
-537
-569
-242
1147
602
-838
-862
501
368
330
600
-351
-2216
-2455
-832
-235
835
1767
1473
733
1050
81
-509
-703
-805
431
206
-1261
-741
1327
550
335
1241
933
-1281
-2253
-1957
-1393
612
1780
1409
1251
1021
-1174
-1285
44
456
528
-178
-1555
-948
1120
1390
1031
559
419
-760
-1951
-1542
-280
987
518
146
1672
1457
-1509
-1217
501
1004
596
-1223
-2329
-1061
232
29
1288
2116
456
-1976
-1294
-1
-284
349
893
1060
2059
1358
-1325
-913
159
-345
-1380
-1428
-666
-368
-328
414
1529
1944
782
-1048
-1509
-1309
-359
92
-61
1064
3068
1587
-1281
-990
1460
1592
-937
-2614
-1475
-255
-646
-78
1290
1860
-386
-2322
-1531
-420
452
1218
515
958
2015
-154
-2478
-719
1807
1548
-224
-527
167
170
-322
0
966
1450
-620
-3446
-2545
-266
13
-588
428
2164
2380
-25
-1516
-559
500
-595
-1112
1281
2068
44
-118
1655
2167
848
-1015
-2077
-1841
-1182
-1873
-2025
317
1766
342
-510
-667
8
921
-642
-1012
2480
3225
-394
-344
2273
1664
-897
-812
146
-381
-263
-938
-1688
-520
788
-1208
-2746
-2031
-1056
-208
263
1083
2846
3861
1977
247
-285
-731
-1175
-79
866
144
-646
-799
153
1849
2060
-744
-3605
-4050
-2767
-2036
-2005
1048
5251
5267
1805
88
700
134
-1676
-1699
-105
-190
-1342
-1376
1235
3654
2482
-832
-1629
-1130
-3333
-4678
-2232
603
2459
4237
4156
1510
-730
-1110
-1250
-950
-93
572
-152
-1671
-1259
1795
3333
1784
-719
-1297
-2680
-5872
-4234
1809
4975
4174
3160
1881
-142
-1004
-1537
-3136
-1691
482
-661
-1205
511
2529
2958
607
-1868
-2573
-1811
-2708
-2835
1524
5206
3791
2017
1226
-285
-264
-1337
-2997
-1866
926
-618
-1126
1803
2791
786
-1470
-1393
-2137
-3014
-3101
-1624
2334
6612
5449
1502
-715
-1898
-1777
-1971
-1651
992
2451
-502
-2942
-262
3835
3563
-267
-2096
-4153
-7507
-4580
1913
5975
7426
5332
-132
-3119
-2710
-1103
385
-303
-40
-169
-2584
-2637
2583
6004
3578
705
-1707
-5702
-9251
-6247
2508
8206
7399
4624
1223
-3278
-3622
-2082
-1727
174
1414
-36
-1516
-1388
1131
4959
2883
-321
-970
-4360
-6699
-4018
906
5642
8010
4451
140
-2346
-4302
-4919
-1931
2412
3334
-465
-4022
-2072
3081
5705
4772
2292
-2584
-7608
-10145
-6193
3398
10296
10583
7859
19
-7231
-7737
-4694
-937
1093
572
-1052
-2005
-1414
3042
7523
7267
3050
-2909
-9812
-11282
-5223
981
5810
10960
9736
3474
-590
-2160
-5347
-7149
-4518
-2635
-2802
-2640
988
6197
9514
6349
1636
-440
-4714
-10900
-8862
-1291
3826
8266
7953
3694
1338
82
-2452
-1701
-43
-3532
-9626
-9238
-2008
4318
8037
10289
7496
270
-6512
-9384
-5557
147
2901
4149
4015
2070
1081
1213
1708
753
-1791
-5858
-8231
-4468
83
1145
3908
7135
5556
-664
-6103
-3814
-274
-670
2246
4819
1520
-185
641
1941
3108
-563
-3779
-2919
-5677
-7646
-3381
2180
7743
8871
4549
-520
-6697
-7511
-2545
89
2389
5655
4579
1930
1118
1788
1443
-548
-1324
-4442
-8983
-8770
-3216
3644
8170
7397
4163
-566
-3244
-2819
-2824
-668
1658
-927
-1587
2188
2755
5617
7618
2523
-3044
-6496
-9012
-7604
-4209
715
6224
5613
2336
-817
-1737
1388
2137
-387
-106
586
283
-1648
-4444
-137
6690
6391
2497
-1483
-6766
-8811
-4214
2033
4061
3027
-35
-3977
-2400
1110
1916
5286
5413
513
-1778
-4648
-5411
3436
8414
4333
-1798
-6665
-7269
-5770
-1316
5849
7166
2139
-758
-4728
-5025
-583
2529
4457
4815
1620
-2655
-4293
-2717
2218
5823
5721
688
-3018
-5463
-8191
-4096
2413
3078
666
403
1587
927
-2484
847
6049
2285
-1296
-1687
-4360
-3901
1373
5529
5773
486
-3074
-3273
-4087
-1721
3237
3243
233
-3436
-5646
-3112
1247
5406
6562
3477
185
-1419
-3621
-3725
-1251
2525
3601
-278
-2634
-2741
-2525
676
4103
3914
1432
-3961
-5963
-1476
412
2089
4903
4177
1321
-2105
-4734
-1675
2907
3922
1193
-4000
-4987
-4958
-3099
3211
6129
3851
1697
-1466
-1658
706
-434
-548
8
1358
3053
-211
-2068
1056
366
-1216
-1718
-2708
-1631
-1212
-1873
-727
-97
750
2664
3592
5348
2642
-4172
-5935
-1685
2517
3345
-308
532
4482
1622
-1904
-1567
-2257
-6311
-6367
-1440
887
1138
4935
3946
538
2935
3377
-242
-1429
-1274
-3067
-3704
-1063
5057
7041
3269
-872
-3548
-5765
-6321
-3528
1612
2328
-752
-194
-204
-57
4077
6947
3091
-2071
-2975
-1131
-1731
-765
4835
6436
1506
-3319
-4484
-5914
-8395
-4044
4959
5585
484
777
2328
1313
1845
232
-2334
-3537
-3955
-2756
3548
9494
8700
5958
5531
-1786
-13396
-13503
-7603
-3267
-43
4451
4861
2442
4703
6775
1290
-1372
-1911
-7249
-7471
-3817
-1084
5289
11885
9326
6895
5510
-4500
-14681
-10707
-4999
-6005
453
10431
6623
-1171
1552
2227
1334
403
-3878
-7194
-5917
-3219
2070
8780
13443
12160
1750
-8107
-15049
-13001
-3628
4664
6701
7252
5648
611
-3630
-3705
473
-203
-3385
-6724
-5975
-456
6759
10745
11887
7667
-1458
-9111
-15134
-11491
-1169
3548
3207
6275
8469
6985
3701
360
-2966
-8497
-11171
-10385
-4754
2544
9056
12071
11042
6861
852
-7076
-13481
-11887
-6067
-347
2665
7587
12794
10149
-1459
-3719
960
-2322
-9163
-7327
-2367
-3425
-58
10132
16122
9415
-42
-9631
-14032
-12505
-7754
444
10219
13893
7716
-715
-5807
-1228
3320
651
-6545
-7485
-4659
-1536
3839
10423
16137
10800
-2989
-13023
-13751
-11655
-5785
1825
6460
8016
8397
4607
620
-279
-3090
-6967
-8201
-4378
-1947
-619
5126
12788
11371
6226
2208
-4029
-10543
-13409
-9818
-2082
5961
9089
6646
4173
3044
-2492
-7291
-5275
-4000
-3379
-710
-162
224
6319
11089
7199
2128
-1078
-5777
-9766
-5298
-395
2234
6245
5239
-826
100
1027
-4243
-3108
-970
-5885
-7355
27
3504
6574
9756
7277
-2004
-6334
-4319
-4232
-3167
1034
6019
8439
6733
-2236
-5739
-1697
-1130
-7313
-5781
1431
3008
790
291
846
1271
3115
786
-1756
-2772
-1762
-619
332
3427
6674
1995
-2695
1246
2078
-3537
-6121
-2802
510
329
-2036
-1505
4267
8387
1652
-7165
-4589
-900
-4219
-1485
6814
9277
5791
-378
-4780
-3114
734
-1793
-6838
-2209
4490
3221
-186
2447
4446
1805
-5889
-11735
-5757
3839
6178
3770
5116
2838
-2791
-3654
2061
3733
-161
-4513
-6826
-4226
3259
6869
2142
41
1926
1562
-4513
-5874
-3246
-164
105
-1961
1531
9549
10272
1622
-3645
-6740
-6507
-3084
-341
1551
3711
3408
830
548
3014
2730
-5020
-10448
-6604
-220
3070
5550
7237
5474
-32
-3782
-3154
420
1798
-1200
-2779
-1553
-2098
-2276
3611
6502
6025
3814
-5817
-13689
-7880
1805
2595
3691
6252
3788
-219
-1331
-651
944
2933
-1829
-6167
-3023
1319
2183
3459
5092
2423
-3170
-5873
-3642
-3503
-2070
725
2215
4412
6159
520
-4507
-2956
-377
2622
2923
1175
-2841
-2728
625
1148
1710
5131
3700
-4521
-8380
-5879
-2209
-256
3376
6938
5629
1861
-2822
-5802
-2885
2027
3237
1084
-1425
-1766
523
2945
590
-980
2850
3674
-4693
-9210
-3784
412
2606
4771
5460
1020
-4574
-5220
999
4738
1689
-1282
-805
1206
738
-2082
-3337
2094
5318
1271
-4742
-5480
-2683
971
3320
3208
3155
1027
-2294
-3623
-1469
100
2575
2704
-101
-750
824
-347
-2048
864
2888
260
-6074
-6083
-555
2771
1728
2590
4951
814
-3048
-335
1002
-1892
-1117
599
1560
1445
-321
-161
484
-3014
-1694
2258
-983
-3699
-567
2353
381
-379
1094
2776
1633
-2122
-2710
1691
3057
763
3115
2017
-5247
-4836
621
1037
247
1292
-1578
-6578
-5191
1773
5176
4317
4071
3475
377
-4500
-6899
-3973
2216
5761
5815
3408
-96
-3508
-3770
89
-639
-5264
-2412
1422
-1169
-706
2660
217
-852
3591
5934
1528
-3893
-1656
884
-959
-1384
367
358
3159
5146
-163
-5507
-4584
-1682
-1163
-182
-1118
-2316
1477
5010
3721
3026
-208
-6529
-1987
4470
531
-800
6192
4478
-5024
-5496
-1015
661
125
-1495
-3950
-913
1512
-1268
-608
4396
6010
2433
-3489
-6499
-1400
4626
4624
-1775
-2527
3237
2158
-4664
-595
6290
1311
-5248
-6251
-4244
-2012
687
661
3372
8160
5807
-2562
-3931
-465
-1119
-1424
-808
385
3785
4724
-1436
-5713
-3157
1437
2169
1118
1699
-186
-6179
-7884
-1711
4899
5881
4008
2936
1435
112
-2027
-2411
-191
-577
-3498
-2404
2082
3002
1553
-178
-1467
-1875
-1530
-364
1871
2829
-521
-4795
-5782
1339
8704
7494
2150
-533
-3032
-4280
-2732
-1770
965
1052
-3385
-5002
2888
8346
1371
-3832
1836
1789
-6614
-4885
3709
4823
58
-1048
892
2179
2111
1060
-330
-124
-3694
-7685
-2372
1217
452
3886
4675
-2487
-2261
5879
4481
-5648
-5491
1348
158
-748
3953
5639
2820
-3237
-7236
-1057
1119
-4510
-2759
6013
3753
-5517
-3330
5388
3932
-427
1127
-2375
-4720
2146
5354
1801
808
-839
-1816
415
164
-2164
-2805
-5005
-6552
789
7006
2528
201
5314
3768
-3834
-4278
-1540
-1371
514
3411
2811
588
1869
5521
4045
-3161
-9320
-9717
-4168
1971
2964
1883
1884
276
-1378
-159
3916
3802
-863
-2132
-270
-234
-1198
-1205
2313
7011
4757
516
-3200
-5849
-3963
-2826
-5162
-2510
2586
4362
5875
1977
-3410
-3000
-798
-1306
406
4262
3959
200
-1166
134
1711
2637
-1577
-4843
-224
1818
-4127
-3158
4817
3742
-4277
-3793
677
-841
-292
3600
1247
-2982
-969
1912
2448
2679
2741
735
-3421
-4522
-118
3005
-289
-4276
-240
6035
3473
-1302
159
77
-6186
-8765
-2311
4305
4798
3397
3378
1032
-2697
-2223
-931
-1794
-275
3320
1752
-1920
-1460
1358
3208
1161
-1143
356
2330
-744
-3571
-2777
-2690
-2161
-236
1714
3333
4396
-185
-3848
-1767
-301
-43
1337
1471
-1004
-684
2253
3584
600
609
1745
-2387
-5504
-837
4434
1320
-1579
-1822
-2983
-5090
-2770
1891
6175
7352
-95
-4858
-3008
-1432
-931
2865
3940
1511
636
-433
-870
-330
1449
1305
1
-1362
-1745
-2871
-2720
256
801
344
534
-2093
-3456
4206
7542
-1861
-5133
2039
1678
-3032
26
2659
1058
1423
1238
13
430
-1347
-5030
-1713
4439
2818
-2176
-2193
-1249
-2593
-1347
544
658
2010
4486
1945
-4220
-2630
3532
277
-3006
1870
2532
-1971
-563
2291
1270
1437
-1345
-5590
-1045
6341
2201
-4835
-3352
-473
-799
-1774
-149
3591
4389
933
-1888
-1786
123
-179
-1727
700
2936
1292
-1478
-2111
-363
3595
4965
-617
-4801
1371
4070
-6311
-9413
1267
6037
-422
-3515
876
4765
2810
-712
-762
389
-1821
-4661
-3480
708
6029
6364
1042
186
1463
-2889
-4045
-953
-1174
626
2100
-2256
-3275
1150
1902
109
1492
1551
-864
-2844
-3623
-1111
3281
3163
-218
-23
2669
2168
-905
-1777
916
-316
-4212
-1759
2817
2094
-263
1679
348
-2958
-1899
-373
-1256
-538
-107
384
2368
71
-805
3006
2690
-3792
-4082
3379
6302
197
-4281
-1735
120
-1264
874
4690
1962
-2500
-2489
-2211
-2143
1482
718
-2208
-632
939
-857
-962
1580
3242
3995
802
-4430
-4576
3171
6200
-410
-4779
-509
1994
-995
90
3083
1128
-2407
-2618
-2524
-174
1683
-3038
-4885
3238
6596
-101
-1476
1370
912
68
-218
-1738
-1322
3348
5700
-439
-6976
-2325
3009
-217
-1333
1918
765
-2425
-712
2620
1685
-3174
-5575
-1217
3312
1712
-715
958
2698
2821
1749
-2310
-4328
-843
3244
2371
-2667
-4248
-300
2139
1853
2783
2667
-1057
-3624
-2280
662
2055
-1138
-5722
-3980
4183
6358
760
-1099
1456
1118
-2944
-4319
-1800
2330
3684
1608
99
-471
-376
-581
399
544
1295
1186
-346
-1597
-3069
-1369
153
-2206
-3234
4035
6253
-1187
-5131
-391
4923
1763
-5898
-5101
4407
6074
2908
1335
-1951
-5125
-2089
2187
1376
1453
2693
1970
-3515
-7519
-1361
4950
-1940
-8192
2595
9204
-183
-5164
1862
4615
-545
-3136
-335
2942
1271
159
46
-1759
-2617
2253
4393
-690
-2146
51
371
-2214
-4750
-2486
3737
2234
-3837
-227
6088
2162
-5050
-4213
1714
3862
1213
1056
2906
683
-2664
-2639
-1381
-1622
1746
4732
200
-4280
1691
6044
-2860
-8770
-1304
4556
-4057
-7833
2084
10239
4678
-1654
681
1768
-1080
-3321
-2072
-1585
288
358
-1184
178
5485
8511
3548
-4426
-7749
-5039
-3198
-1608
251
2723
3816
1446
-608
2865
4588
-4175
-8554
-1026
4225
700
-545
2560
3413
1210
-1077
-428
-115
-1129
-706
932
-2128
-4762
1071
5108
430
-3033
1457
535
-5751
-3669
3130
2597
-53
4389
5612
189
-3883
-2971
-3619
-5093
-2325
5723
10752
6082
-2068
-4054
-635
-3239
-6762
-3022
2799
1897
542
257
213
3263
4672
-1534
-6399
-2135
711
-1521
-1571
3461
5691
2498
-1652
-723
3231
3192
-3975
-9124
-3566
2814
204
-1039
5011
8329
4084
-4857
-9956
-4532
2206
-535
-3267
1059
6201
6151
3779
1968
-431
-5587
-10665
-6265
4625
9433
3527
-3308
-1647
4569
2979
-5018
-5396
157
1727
-984
-1879
-309
2041
3270
3212
2065
-1189
-4260
-3929
242
938
-1608
-631
3243
4647
1582
-2478
-2525
-68
-2590
-3632
2525
3449
-2028
-792
5345
5765
2294
-1944
-4954
-4287
-4321
-5781
-1814
6387
8937
4715
-2196
-3486
148
-1336
-6837
-3645
5525
5738
-703
-2285
4230
6618
795
-3690
-3550
-2543
565
1159
-5527
-5576
2704
3260
197
3448
4314
47
-3081
-5395
-4955
550
3138
2588
5887
8192
1785
-7609
-7973
34
3898
-598
-2833
2233
5286
671
-4851
-4916
-3147
-3395
-1154
2778
4830
6365
2745
-5600
-5397
6344
9977
-709
-7811
-3397
-1228
-5220
-514
7198
4017
1137
5726
1221
-8875
-7062
-1642
-2553
-1092
2712
3144
3562
4068
1555
-226
479
-721
-4902
-5811
-181
2296
-1008
327
5620
4011
353
-774
-1226
-1074
-502
-2853
-4140
519
4445
2222
-4139
-3802
3413
5397
-996
-3750
-392
207
-2237
-500
3750
2584
-2506
-2748
1488
2304
987
1696
2904
1129
-1042
-1777
-1368
684
-49
-4571
-6502
-2541
1011
1155
1927
4625
4879
-278
-4527
-2848
1771
3220
-501
-3736
668
6524
5422
2039
502
-1389
-2980
-4386
-6821
-5478
795
3954
1460
-1216
-1706
-1669
-61
4339
6254
-373
-7414
-2025
6245
5040
1628
2389
1315
-603
-2132
-4044
-1552
1013
-1368
-3634
-1698
681
-223
-2255
-1218
2302
1951
-2253
-4004
140
4746
4404
3601
3540
955
-1319
540
-114
-4797
-4995
-1219
-1329
-759
4911
6345
2560
-1125
-3590
-4974
-5546
-4760
-429
4668
4955
3174
1642
1470
2260
1487
-2117
-4360
-3341
-1213
1303
611
-665
2288
5862
3489
-561
-3551
-7429
-7102
432
5526
3171
1443
3169
2078
-3126
-5060
-2412
-614
-1118
-33
654
-289
1506
4921
6554
4922
-2621
-9708
-5808
1086
521
1922
7677
5969
-523
-3260
-4271
-5992
-4779
-1624
1421
3043
775
-1425
724
2727
2261
1747
-194
-2758
-1763
2395
3487
943
166
1173
-1818
-4533
880
5854
-394
-6296
-1921
973
-2586
-2581
1425
2281
227
-1774
-1440
-10
1149
3176
5522
3856
-127
-2038
-950
152
-899
-1421
-1005
-1830
-3981
-2156
2354
3710
1862
-668
-2704
-1319
2002
1813
-645
-2376
-2493
-649
2436
4532
3271
526
209
-890
-2350
230
1256
-4565
-6085
1458
4043
-1661
-1719
5676
6429
-479
-3459
-1899
-2741
-3856
-1337
1653
2659
3928
3960
318
-2004
-1334
-2996
-3605
1060
4149
668
-2030
-1523
-445
581
1480
779
408
2297
443
-2540
-1971
1306
1672
-554
-2291
-2020
-2175
-2835
1432
5650
4489
1520
-723
-2953
-1555
1730
1812
-615
-2307
-2950
-2472
1343
5175
3177
-1041
-1840
-220
-969
-5118
-4970
758
3767
3354
3584
2035
-1083
-1972
141
1381
254
-1018
-2632
-2369
1986
5922
2069
-3906
-2833
587
-2168
-4838
193
3506
401
-1277
2637
4542
-191
-4067
-2123
-163
-443
1239
2716
2965
3245
641
-3539
-2858
1077
404
-2601
-3469
-3007
-1615
2088
4863
3337
1533
551
-1748
-3454
-1764
-1712
-2606
1494
7525
6726
-513
-3823
-1007
885
-903
-3363
-5803
-4599
1173
6504
6936
3932
-188
-5654
-6820
-1719
2315
1119
412
2550
4243
1574
-2073
-424
1475
3
-2396
-2749
-1821
-496
912
1120
533
331
332
-1804
-1746
1550
2973
-704
-4709
-1623
3416
2677
35
2575
3774
-741
-4264
-2702
-737
295
1976
1550
-513
-2205
-1968
-1334
-253
1329
1868
1499
1380
796
-1498
-2447
-802
710
778
1670
1405
-2433
-3704
816
4128
1147
-1591
-28
384
-1263
-446
1236
-740
-2732
-369
1590
194
356
3669
3722
-816
-2324
181
-1851
-5938
-2437
3109
2463
471
3519
3663
-1854
-3648
-1993
-1903
-20
2758
-24
-3450
-296
5033
4337
47
-1296
-2004
-4287
-3009
2263
4121
1877
513
-1898
-4446
-41
5103
953
-3168
364
966
-4053
-1717
5339
3459
-3138
-2847
-409
-2270
-1630
3341
4932
1274
-18
123
-3436
-4043
2349
5934
1019
-3269
-1714
-640
-1929
771
5311
2125
-4244
-5239
-3486
-842
5346
8134
1169
-6504
-5290
-108
2078
2035
1926
1635
-84
-642
148
1263
3047
2271
-4444
-8358
-3515
241
18
2906
5924
3882
733
-2314
-5625
-5017
-296
2235
2259
3843
5010
1740
-2423
-2796
-857
-893
-1172
499
975
-973
-2925
-95
3030
903
-1812
-1715
-2593
-2974
1476
5572
3948
1464
1781
-458
-3987
-3317
-333
1880
2142
1191
204
-1688
-1689
1827
3729
466
-4851
-7751
-6260
-1828
3971
8555
6994
842
-2358
-1415
-2438
-2886
1189
2594
92
335
2350
874
-1345
622
2868
-359
-5118
-4504
-566
1369
567
271
196
-1148
-2033
-1007
376
1926
4184
2975
-1166
-2283
150
1081
286
896
1374
-20
-1946
-1645
1372
2201
453
-123
-1813
-4880
-4392
-2148
-625
1894
3014
1922
1800
2694
527
-1906
-833
476
-110
-1453
-1388
1285
4158
3621
1197
-841
-2284
-3251
-2900
-600
1245
-255
-2292
-891
1442
908
201
2648
2718
-1909
-3004
-96
-496
-1564
1659
4127
1884
790
1285
-1415
-3510
-1017
663
-1206
-1800
-1308
-1276
341
3052
3649
1506
-1480
-2674
-881
187
-719
809
3065
1561
-1067
-1278
-1037
-1945
-1334
459
599
-84
665
1531
1277
1261
1711
-307
-2916
-2437
-889
-353
239
1411
1868
1360
663
282
-1338
-3160
-2782
-1111
378
1872
2197
379
-896
573
2303
1958
52
-1677
-2209
-1752
-974
66
2645
3795
1800
-953
-2472
-2786
-2239
-958
-525
-95
595
163
-69
2434
3912
1628
-475
-577
26
-166
-663
-1292
-1748
-194
3278
2296
-3530
-4474
287
1775
-663
-963
-218
-432
807
2949
2198
-37
-378
-830
-2401
-1454
2128
2636
171
832
3820
1457
-4219
-4297
-1101
-460
-928
75
498
-316
547
2600
2235
-252
-1095
-125
-856
-2343
-1938
-148
1928
2943
2285
1035
-831
-2139
-545
1398
-510
-3333
-2233
-111
81
896
2995
2508
407
-97
867
-491
-3992
-3274
563
1556
842
1564
1800
1043
703
-638
-3116
-2962
-60
532
-415
683
2020
1784
705
-1008
-2031
-1019
-17
167
385
829
442
-2
28
1192
1896
-969
-4133
-2649
651
1221
1343
2298
2099
400
-240
-48
-1111
-2537
-2591
-1990
-232
2250
2977
1511
926
2289
865
-2705
-2956
-1006
-1693
-2437
899
4263
3496
1473
297
-1020
-1768
-1036
-1030
-2326
-1822
-310
16
675
2974
3942
1330
-2218
-2586
-644
-962
-1971
-41
1399
76
-114
1276
1123
1067
2300
813
-2035
-2225
-1361
-1489
-145
2554
3237
833
-1875
-2322
-1378
-29
929
970
460
284
-869
-1957
-1061
798
1601
1636
1204
-444
-2360
-1931
746
1913
1444
224
-923
-1284
-1034
-247
1141
1589
511
-354
-883
-1992
-1365
1129
1131
300
505
-889
-1800
520
2780
2718
1807
-135
-3010
-3439
-1152
693
1300
1410
884
-82
-1697
-2317
-500
1330
1076
-90
266
311
-311
386
1300
326
-1667
-2004
-649
256
657
2356
2581
302
-815
-414
-1666
-2873
-909
1600
1924
1038
732
200
-644
-389
369
-218
-937
-598
-223
-89
171
-160
-207
1127
1154
-833
-1287
-785
-581
1164
2162
1141
-423
-1248
-408
713
-521
-1608
506
1485
-512
-249
1046
-992
-2753
-943
797
-585
-1151
663
1525
1517
2209
1564
-949
-2350
-718
1004
-388
-1580
351
2330
1779
752
298
-749
-1931
-2834
-3122
-1217
422
132
1483
3245
1991
9
-10
17
-1053
-1315
-547
269
921
2091
3049
1534
-1456
-2470
-2332
-2460
-2066
-1302
417
1911
1513
1903
2722
419
-932
361
-1009
-3520
-1576
1096
1304
1934
2958
3104
1323
-1608
-2891
-2402
-3354
-3505
-489
1229
581
1072
1653
893
850
983
-512
-2203
-1152
1069
1923
2054
1865
1460
839
-466
-2204
-2540
-1696
-1787
-1280
-462
-497
209
1263
1373
2122
2215
-355
-2296
-1851
-1450
-879
1494
3348
3658
3130
1548
-1587
-3867
-3417
-2290
-2312
-2098
-59
2540
2854
1594
1179
791
-459
-1246
-1364
-1465
-1573
-445
2021
3429
3428
2033
-232
-1875
-2386
-2227
-1377
-1260
-1673
-282
1631
1111
653
1114
-459
-1724
-632
1067
1928
1241
698
1880
1413
-1205
-1971
-1228
-800
-154
159
-587
-1388
-467
1011
910
785
853
-652
-2513
-2552
-670
2352
3952
2753
1465
1538
892
-1507
-2334
-2017
-2657
-1971
-191
-355
-342
1156
1575
1844
2552
1259
-1999
-4128
-4131
-1664
1421
2604
2948
3288
2168
-158
-1355
-1166
-403
-306
-1048
-1795
-2092
-2263
-1900
1943
7028
5923
-439
-4766
-4150
-1586
-393
-195
1090
2743
1443
-1886
-2239
374
1309
1162
1396
-221
-2983
-2764
-89
2000
4048
5225
2216
-3481
-5966
-2755
1244
1623
516
587
1138
-590
-3645
-3072
-239
643
873
1062
-178
-1615
-560
2561
4702
3717
1393
-325
-2254
-2809
-949
904
1402
933
142
-1041
-2238
-2751
-2610
-1375
515
894
-114
-661
-532
619
2776
4077
3133
647
-1174
-909
366
679
839
1235
340
-2128
-3716
-3088
-1532
-923
-525
726
871
-74
-574
138
1052
2197
1860
-644
-1394
1549
2561
1317
2133
2961
177
-3702
-4130
-1955
-1607
-3259
-1723
1287
1624
656
1028
695
328
940
862
-1788
-3890
-1282
2337
3841
4663
4948
3007
-1638
-6007
-5150
-2498
-2700
-1854
922
1587
1538
1648
1071
1836
3107
869
-3547
-5493
-3264
-106
2152
4660
6256
4580
-676
-4461
-3559
-1832
-2985
-2648
18
800
753
1636
1379
1848
4645
3246
-2182
-4889
-3937
-2293
235
2307
3449
4977
3044
-3363
-5855
-1808
-454
-2200
-1126
121
-318
867
1814
2165
4939
5462
-583
-5643
-4469
-2510
-764
2502
3994
3767
2696
-1782
-5876
-5067
-1997
350
1087
-514
-1297
471
135
-418
5311
8829
2619
-4065
-5185
-4605
-2722
1115
4095
6194
5056
-1214
-5967
-4817
-3676
-2153
969
299
-2040
-313
322
-661
4794
9756
4465
-2791
-3567
-2911
-3147
-1605
1775
5714
6229
-219
-5678
-3528
-1907
-3601
-872
2502
229
-2697
-2406
-1279
2936
7861
6035
405
-2307
-2917
-2944
-1699
-120
3252
5939
2309
-4536
-4936
-2453
-2286
-394
2477
1852
271
-1067
-3778
-1548
5167
6066
960
-1128
-566
-1157
-2337
-2573
976
5157
2970
-2810
-3334
-1326
-2838
-3174
1370
4215
1863
-1305
-3771
-2545
2877
6154
4623
1380
-1800
-3281
-2416
-2183
254
5323
4060
-2870
-4825
-2074
-1774
-2210
138
3325
3529
-61
-4014
-2504
2654
4516
3682
2296
-195
-2346
-2370
-2322
-1039
2960
3603
-768
-3405
-3050
-2408
-1856
-1311
452
3150
3289
-61
-2518
-212
1959
1416
2404
3132
-23
-3227
-2809
-564
2255
2534
-32
-2068
-2712
-3626
-3272
-464
1763
2050
2314
1651
-1133
-2024
-998
499
3990
6573
3613
-1328
-4624
-4839
117
4116
1620
-608
-1072
-3659
-4829
-3375
-1587
1643
5424
4130
-1117
-2218
370
-183
-1473
1886
6554
4792
-2845
-6909
-1323
4586
868
-2462
1958
2402
-4420
-7002
-3309
-208
1239
1650
409
666
2196
835
249
3517
4836
1685
-3122
-5373
-1669
2981
-628
-3670
2477
5343
-909
-4543
-1849
-469
-1919
-3012
-2624
-68
2523
1586
1294
3926
4719
4306
2682
-2551
-4605
-199
598
-5293
-4992
2564
4595
-319
-2072
1058
2720
-535
-5263
-4651
-677
-132
-1608
1444
5493
5795
4874
1386
-2040
204
2771
-1719
-5534
-2652
309
-1137
-3339
-1591
2681
5190
1260
-3051
-2394
-1039
-2599
-1571
2596
3950
1938
-1160
-1217
3649
7298
3993
-533
-3182
-5939
-7026
-2649
2924
3423
854
-1276
-2679
-2709
-189
3277
4291
1389
-1867
-1716
-2859
-4913
716
10167
9137
622
-3075
-1500
-2190
-5984
-3899
2616
2941
-3021
-3842
-348
924
1564
3490
3233
686
-747
-3533
-5871
-3152
2628
5817
6499
4932
1284
-2317
-4179
-3934
-2535
-1102
-1510
-1330
-1618
-3502
-2008
3774
7705
8247
5658
-1600
-9723
-10326
-2835
2679
4024
5846
6642
1526
-4601
-2866
3422
3567
-2328
-4877
-4199
-6851
-7327
1289
10175
10334
4941
-1950
-6462
-5729
-3203
724
6130
6402
442
-4106
-4787
-39
6484
5409
-414
-1260
-899
-6502
-8606
-193
8106
5891
-188
-2496
-2955
-4385
-3410
974
3116
1922
2014
3519
2548
-239
-843
45
-1805
-3377
-1189
-389
-2033
-363
4289
6226
3668
1082
-1795
-6988
-10775
-6455
169
2560
5277
7641
3849
-1959
-3169
-136
4049
3706
-465
-5908
-8548
-5926
551
6778
10181
9976
3703
-5914
-10702
-6659
-1353
414
1520
1852
-232
-2512
38
4121
4951
3363
700
-3134
-6360
-5136
669
6917
5423
1321
223
-3129
-6699
-2236
2813
1002
2330
3949
-1178
-3981
1572
2600
-1932
-2223
-435
-1337
-3628
-1789
4021
7338
2803
-805
1896
909
-5917
-6323
-1813
-1736
-2283
1919
6517
6115
3160
1196
-776
-3351
-3298
-1273
-2345
-6407
-4667
2094
6580
7282
6197
970
-5992
-7114
-2966
-1135
-289
3234
3193
-1930
-2021
1908
2295
3664
4523
754
-2702
-4222
-7164
-2306
6719
6562
573
-1750
-4619
-5582
-293
3641
3678
1784
-1416
-3449
-2177
371
4600
4307
-1473
-4481
-3062
-2102
1012
5831
6918
3264
-1435
-3959
-2962
-2224
-1743
-186
224
-62
-1362
-2123
2244
5763
1890
-665
-1857
-6274
-6689
276
2674
2937
5867
4512
-256
-849
-716
-1558
-757
77
117
-2257
-3453
1072
4209
1014
-105
899
-356
-3923
-5944
-3525
-707
-248
3779
7731
4690
-557
-1280
279
-1407
-3539
101
3372
-1847
-3589
3499
5507
188
93
4105
212
-8814
-9963
-3294
-47
1161
5946
7809
221
-7086
-2629
5763
6625
1816
556
-1571
-8318
-9289
2367
11268
7019
1855
531
-3271
-8859
-7277
1675
8746
3573
-5891
-6820
-4190
-3107
1052
6636
6479
4202
1992
-2168
-4138
46
3608
1405
-1855
-3600
-2779
-866
64
2379
7142
6198
-3095
-7185
-1404
1531
-2949
-7152
-6750
-1181
4475
3784
2916
7574
7925
1501
-1361
-2463
-4086
-2656
-3938
-6241
-2729
2405
4875
6077
5261
3311
-3
-4119
-4608
-2711
-2316
-3043
-4749
-5434
168
6393
8239
8892
6164
-664
-4735
-5301
-2473
3543
2425
-7815
-11694
-3960
5115
9283
9326
7074
2031
-5224
-9439
-5997
9
3256
2090
-3549
-7032
-2754
3796
8169
11410
8573
-250
-7844
-8691
-3868
-659
-2644
-3703
-1099
-764
-54
6543
12342
7940
-984
-4689
-4321
-7204
-7947
1499
6674
-1577
-5867
990
6273
6296
4364
1964
-388
-4032
-8213
-8416
-5026
-825
3254
5106
2908
4246
9429
6090
-4148
-6750
-3235
-3395
-3854
-22
4288
2713
-1687
-3742
303
4658
3674
-1120
-4322
-5789
-4573
248
3275
4492
5864
2932
-4079
-2473
2808
2081
85
1863
567
-4575
-5232
2074
5424
902
395
-435
-8397
-10314
-1615
3961
4005
3248
3898
4422
944
-1943
3371
5008
-4181
-7755
-2925
-1623
-800
4849
9161
5806
-3132
-6441
-2431
-4457
-6527
2423
6236
-4396
-8799
-2059
2401
6496
11609
8324
1636
-760
-5651
-9966
-7323
-1114
3887
4258
1618
2941
3895
-1205
-4689
-3163
-2278
-1433
-1024
-13
2447
-91
-4298
0
4836
5062
6475
4436
-2261
-6163
-4171
-1006
-88
-400
277
-2623
-5664
31
6311
5952
4232
1760
-4945
-8794
-5782
-728
5085
8253
4696
-1191
-1236
-719
-341
2947
3628
-1252
-5171
-6157
-6507
-2554
2547
5419
5317
3608
1386
484
-2070
-5059
-3435
373
929
1320
3356
3447
3343
3949
203
-3811
-4537
-7696
-6417
763
1650
-2181
3455
8447
3629
-1755
-2650
-3009
-2631
-1002
622
3261
3160
1191
114
1052
486
-1921
-319
3841
600
-7286
-7114
-3123
-3014
-14
7105
9700
4318
-3875
-6252
-750
2875
711
-1624
-1084
434
1322
2590
4203
3958
-2375
-8336
-6889
-2054
2606
7056
5922
-82
-1298
-2805
-8697
-6505
6350
11884
4399
-5174
-6486
271
3139
287
303
4649
2930
-4945
-7885
-2189
2067
88
-1163
446
4059
7134
4475
-3130
-4589
606
-791
-8551
-6253
5222
6018
-2301
-2225
5004
8294
3152
-5968
-7573
-1139
-1471
-5156
959
7371
3300
-1511
-1937
-1119
3292
8537
7146
-498
-8384
-12128
-9743
-3508
3862
8105
8057
3509
-2570
-3606
2666
4336
-2340
-5324
-2047
-1885
-5423
-1643
7031
10378
6563
-283
-5030
-3144
-961
-2624
-2011
-91
-1277
-2756
-2975
-1246
4090
8123
4035
-2153
-1336
3444
588
-7018
-6514
1930
5330
-51
-1379
4085
4272
-2284
-4338
-2745
-629
1638
1706
782
388
-3082
-4462
1023
3918
381
-928
2358
3157
1590
2671
1143
-5210
-7256
-4253
-2190
1459
6759
4774
254
-481
-2628
-6301
-3604
3105
6374
3077
-3668
-2844
3805
3536
-2382
-1648
2903
1954
-4236
-6361
827
4273
-487
-749
2634
-1445
-2813
1642
-804
-2656
905
-1356
-5646
-1204
5980
9976
8305
2412
-1106
-2765
-5666
-7041
-7098
-4461
3756
7430
2584
2369
6134
2579
-2806
-4999
-9260
-8297
362
2998
1837
5262
4681
363
3389
6287
3735
845
-4598
-11052
-6956
516
729
-946
1164
7426
9451
2217
-3957
-2890
-3939
-6742
-8541
-8238
1432
12881
10598
3633
3016
-127
-6047
-6428
-2193
2208
3220
-1426
-3263
472
2276
2798
3154
-160
-2070
-764
-4130
-5970
-1222
2992
2427
1519
-696
-1661
2567
4485
416
-2312
-882
-2790
-4608
-255
5823
5226
2412
1075
-1935
-3778
-1279
-1605
-3540
1351
5992
2267
-964
-89
-1984
-3758
-2814
-2031
-1077
2164
4359
4291
2421
-236
-3448
-3647
421
2557
-10
-461
1142
-135
-254
3408
4729
990
-1904
-1165
-2828
-7595
-6389
159
3618
2123
-242
-481
3131
6510
4206
-2805
-6264
-3630
-1381
-2538
-358
4648
7068
6726
2568
-1883
-116
-290
-8991
-9874
18
1596
-2054
1624
3994
2381
2083
-2186
-5487
2168
5574
-985
-3513
34
1084
-395
-2381
528
8335
7492
-1522
-5776
-2427
388
-772
-5405
-5354
1194
3787
1747
144
386
2358
1746
-3212
-3348
1206
1213
469
2472
2406
955
-1860
-6496
-3284
6428
7877
1560
-969
-1684
-3955
-4051
-2290
623
3500
3045
-1038
-2732
-1610
761
1550
1124
719
-258
-198
-266
-1482
-2551
610
944
-2380
-2537
2711
6484
4628
1204
-919
-1303
-3306
-4919
-2704
1695
1847
-1209
-2390
-180
3191
4220
458
-2783
-1414
-95
-408
109
-2691
-5541
-633
3175
2700
7631
9846
109
-5824
-3884
-3961
-2051
1517
-2660
-5400
-215
3031
2470
3483
3471
3437
991
-5832
-6803
-2151
-1937
421
8094
4541
-3370
-1134
2716
2153
3581
2837
-2471
-6812
-6484
247
4401
-2503
-4630
6335
8713
-1797
-5747
220
3248
-782
-4870
-1186
3256
60
-2033
2108
1221
-2100
1963
3924
-876
-1191
2306
-2353
-7297
-2178
3197
2763
2388
1108
-1285
-672
-1700
-2685
2829
5087
-1119
-3196
-1636
-3093
-699
4051
1407
-2825
1035
5167
1388
-4221
-2707
1308
-1926
-4107
2228
6041
3964
1882
-3067
-6387
-2453
-864
646
7054
4809
-3904
-3412
-1845
-4996
98
6941
3529
-2295
-3322
-1530
249
-1068
-1082
4475
5352
633
836
2861
-855
-4668
-5793
-3283
2694
4101
1387
3139
1669
-5856
-4178
1973
-1261
-3691
2516
2952
-1790
-3036
-1892
2231
7425
5555
1160
-210
-3742
-4445
1462
3100
-1917
-4791
-2192
1001
1302
1414
3693
34
-8237
-5538
2527
2711
-169
1024
-523
-3511
-2668
3959
11379
9305
-1457
-5965
-1952
-2246
-2760
1934
3274
-727
-3617
-4272
-2049
987
1360
2174
2163
-3017
-4368
-341
-353
-1694
1459
3136
3951
4836
1564
470
4865
886
-8238
-6451
-284
3233
5054
1860
-4903
-6495
-4973
-283
7085
6004
-2859
-3971
289
-834
-1882
1343
2791
1223
2435
5391
3998
-2591
-4183
223
-1636
-6800
-3425
2754
3663
2488
-437
-4931
-5110
-976
3359
6595
5089
-892
-4142
-4515
-3986
1124
5774
3969
2337
3354
617
-5046
-6831
-1718
3671
-454
-6110
-633
5046
-243
-2662
2685
2910
976
3240
2052
-2352
-2808
-1949
-1779
-146
-36
240
3272
3391
180
373
556
-4129
-5780
-3221
-2582
-1216
3073
3800
3237
5209
5659
2248
-2889
-5477
-3516
-888
-1555
-540
1657
743
1331
2659
24
-948
-63
-2691
-2923
-1078
-3852
-4048
2434
6756
6413
3282
-670
630
2588
-2563
-5816
-740
1473
-1458
-476
2750
1409
-2434
-4088
-1604
247
-1544
-1807
1345
2506
1725
3347
2896
-1536
-4225
-1058
1823
-1030
-2045
6257
9613
-529
-5928
701
770
-7380
-7964
-1184
837
-2826
-2292
4580
7977
3283
556
2207
811
-4015
-3903
-377
229
-3076
-3279
3976
9631
7699
4154
356
-6578
-10079
-5690
-2015
-2908
-4535
-2799
4606
9361
4810
1815
5578
2266
-6332
-7110
-2771
-941
1115
2752
3032
3688
3419
2021
994
-138
-2073
-3933
-6804
-8467
-4679
1693
5058
5801
5581
3282
-968
-5590
-5196
2081
3031
-4053
-3272
5703
7386
3341
527
-126
-560
-5112
-7573
-639
4310
-1156
-2075
2207
911
-1403
585
1482
-62
-1973
-2860
-185
1535
-272
381
3132
2293
1093
2915
1230
-3783
-3286
-429
-2046
-2804
1187
4030
1970
-2164
-3205
-948
1
1699
6021
3651
-4413
-5745
-874
673
212
2474
4628
2220
-1111
609
94
-5876
-5590
2934
5643
-288
-3754
-2467
-381
-113
894
3911
2661
-2192
-1972
2789
650
-2935
-363
1570
253
871
490
-3276
-2673
2665
5161
765
-4472
-3584
470
-523
-2933
-292
3215
2546
1145
736
1881
2039
-803
-3199
-3057
-2710
-653
3413
2738
-836
-571
2310
1363
379
-136
-3164
-5713
-4035
-1176
2170
5460
5948
4410
2773
796
-1941
-4807
-7199
-5014
-116
1955
1598
2830
3746
3098
2642
675
-4760
-7342
-3590
-507
-1163
451
4474
5785
3643
901
458
1833
-624
-5558
-4361
-1619
-3421
-1419
4945
5025
2885
4064
665
-6546
-6165
-1276
-651
-2589
-860
2505
4292
5405
4880
2122
-3613
-9878
-8594
1154
6820
4500
2570
744
-1982
-613
1403
-1587
-2797
1114
870
-3154
-4175
-659
3626
4090
1746
2381
3578
-1520
-6977
-5411
-2102
-1731
433
6148
8420
5414
1581
-2508
-7353
-7718
-1959
2126
1591
470
1295
564
-776
-59
2547
3942
1318
-2188
-2130
-2220
-4497
-476
6499
4789
91
570
-71
-970
560
-1188
-5063
-3836
-1248
-1229
58
1892
2922
2803
-55
-2899
-1074
1863
1996
1463
1405
542
-671
-396
-483
-1136
1867
4157
153
-4165
-1981
601
-1062
-3007
-3137
-1386
-518
-1063
37
3768
3904
463
-258
1899
1445
-201
1295
1530
-1959
-3913
-1395
1452
2637
1321
-805
21
1369
-1183
-3136
-2072
-2691
-3209
-1094
439
1325
2924
3063
2281
3293
2893
-231
-2998
-2937
-2613
-3377
-2697
631
5086
6126
2803
-820
-603
-1120
-3274
-3407
-2348
-2998
-1759
2911
4722
3123
3503
4896
2631
-2115
-5626
-5745
-4097
-2881
-2216
1225
6434
7709
3415
-469
-1223
-2510
-5776
-6076
-911
3602
2131
741
4752
7086
3546
-580
-1969
-3881
-6440
-6627
-3151
1032
2633
1975
2542
2193
-418
-534
1136
-955
-5011
-5674
-3655
641
6410
8767
6314
3903
1837
-1951
-4705
-3742
-2948
-3850
-4132
-1427
3715
5776
1524
-3789
-3049
306
-723
-3859
-1999
1876
994
-1219
1394
5878
6092
2562
-33
188
1021
-107
-1120
-1257
-1997
-1310
1034
225
-1808
-1069
269
119
-1799
-3370
-1222
1855
665
-357
1802
2329
-376
-1097
-99
1844
4442
4540
769
-2973
-2681
-824
-315
-348
334
-125
-1525
-2766
-2425
-57
625
-1468
-871
2356
1262
-2904
-2853
494
2331
1522
1493
2845
2274
-1005
-1377
772
-15
-1239
976
2388
-1111
-4207
-2568
1092
1392
-363
-1559
-1883
-1551
258
1311
359
-1073
-68
2482
2064
551
2211
3605
-232
-3536
-815
2491
443
-1703
937
3724
1566
-2247
-2330
-923
-2972
-4151
-508
2324
134
-866
1061
1428
192
-384
-189
751
2564
2910
1182
-1563
-1685
520
1281
-205
-724
130
-277
-1912
-2057
134
1000
-352
-1147
-2137
-4550
-3462
1347
2534
308
413
2668
4183
3529
361
-1524
-383
-959
-2706
-1302
1456
2417
2019
1327
419
-485
-797
-940
-3265
-6626
-5054
-141
1932
2110
2928
3101
2715
1525
-121
63
360
-1913
-3477
-1300
1404
3560
4309
2808
642
-885
-2036
-2477
-3021
-4453
-3433
537
2343
877
842
2186
2270
1635
971
-605
-2922
-4563
-2797
3160
6828
3155
-920
-295
234
-1794
-2035
-266
-792
-3485
-4448
-806
4100
4376
814
-86
1337
872
-1226
-1856
-1981
-2592
-965
2243
4629
5252
2905
-1723
-4050
-3513
-2630
-1525
-179
-62
-232
469
1300
3016
3967
1621
-1962
-3354
-3178
-2275
-292
1875
3176
2722
1529
1614
2494
524
-3101
-4038
-2747
-2585
-2598
-546
1355
1725
2772
4372
3344
-468
-4352
-4393
-1055
950
-96
-245
865
1536
2492
2909
1724
-778
-3534
-3769
-206
1923
-676
-3276
-1585
616
1459
2976
3511
479
-3551
-3767
-906
958
1066
860
753
457
684
1538
636
-1587
-1818
-739
200
1407
1366
399
630
406
-1078
-894
246
214
-158
-226
-530
-421
-252
-137
1022
2139
1457
-394
-1445
-1756
-1473
-884
-152
1117
2526
1928
112
-385
57
-380
-1006
-5
656
-518
-1795
-1515
-459
279
-431
-743
584
993
-315
-522
461
346
-732
-1049
545
1965
974
-897
-763
591
1250
1256
909
16
-583
-1170
-1322
-191
441
-963
-2023
-831
170
-331
-464
917
2233
2119
861
142
364
-448
-1548
-304
1456
734
-231
-33
647
1975
1995
278
-1420
-2313
-2575
-1418
-890
-2151
-1990
1221
3845
3163
1019
-72
-111
-1188
-2769
-2938
-776
1146
1407
1032
1233
1752
2591
2196
-1196
-4309
-4284
-2827
-1989
-570
1455
2781
2694
1870
1542
1406
-121
-2975
-4069
-2291
-705
369
2905
4096
1574
148
1573
2109
-164
-3372
-4183
-2005
-497
-490
1575
3885
3245
1207
-4
-1023
-1831
-2805
-3210
-1556
615
2107
3658
3962
1523
-610
-1220
-1615
-1390
-1251
-2079
-1362
615
632
468
1829
2615
1958
426
-1907
-3710
-4136
-3840
-1257
2806
4185
3146
3157
2678
153
-2179
-2376
-1647
-1929
-2642
-1195
1969
2681
1169
1433
2790
966
-1442
-1475
-1803
-3852
-4174
-1222
3047
5353
4067
2179
995
-742
-1991
-742
218
-1720
-3922
-2964
-281
720
716
1493
2351
1562
-375
-2053
-2542
-2582
-3065
-1268
3395
5994
4044
1311
102
-53
-179
-821
-1423
-1513
-2323
-3202
-1640
405
172
107
2055
2368
167
-1618
-2419
-3133
-3096
-1427
2161
5637
5294
2430
1716
2125
608
-1168
-1204
-1215
-2791
-4001
-2157
786
1467
999
2170
3109
568
-2687
-2697
-1658
-3007
-3610
-23
4779
5969
4143
3247
3273
742
-2656
-2924
-1300
-1571
-3259
-2685
-451
378
406
1922
3023
553
-3271
-3939
-2359
-2229
-2923
-594
4104
5793
3162
1547
2951
2467
-1218
-2883
-1677
-2063
-2980
-807
1706
606
-1474
-560
1747
1015
-2091
-3392
-2746
-2107
-1617
143
3194
4804
2769
612
1290
1355
-116
-379
25
-768
-1482
-555
906
358
-1150
182
2605
1011
-2566
-2968
-2002
-2292
-1389
1252
3271
3676
2825
1192
183
-238
-159
938
681
-1810
-2570
110
1817
881
132
1365
2173
123
-3160
-3762
-2488
-2453
-2266
63
2832
4008
3828
2122
-304
-1415
-907
-288
-1187
-3216
-3699
-1385
1003
1214
1350
2932
3450
862
-1881
-2803
-3016
-3945
-3757
-1377
1360
3016
4393
4847
2511
-148
-447
226
-1492
-4456
-5447
-2733
976
2772
3336
4386
4035
907
-2227
-3095
-2747
-2653
-2030
-502
1170
2134
3539
5039
3877
547
-758
-165
-994
-3851
-5960
-4354
32
2552
3229
4970
5147
741
-4173
-5484
-4245
-2300
-212
1327
1724
1910
3102
4733
3993
1024
-1197
-1608
-2056
-3500
-5131
-4235
-448
2642
3032
3128
2981
472
-3687
-6302
-5576
-3237
-867
1400
3269
3712
4660
5800
3802
-375
-1759
-1348
-2059
-3422
-4678
-3600
308
3104
3547
4410
3544
-269
-3924
-5686
-5698
-3526
-494
1774
3404
3723
4601
6622
5504
1175
-864
-1433
-3414
-4922
-5433
-4083
-171
3402
4421
4574
2865
-726
-3205
-4505
-5238
-3801
-1126
340
2050
3520
4918
6628
6094
2267
-479
-1953
-3850
-4786
-5350
-4930
-1313
2862
3893
4207
3509
833
-1942
-4106
-5783
-4586
-1690
-390
877
3123
5184
7011
7009
4061
1104
-1225
-3961
-5330
-5803
-5794
-3043
865
3053
3976
3308
1174
-401
-2784
-5644
-5419
-3218
-2416
-736
2423
4820
6603
6644
4597
3296
1210
-3024
-4686
-4454
-5280
-4015
-389
1612
2659
2743
1316
938
186
-3018
-4309
-2752
-3059
-3078
168
3693
5690
6018
4576
3932
2780
-1332
-4301
-4589
-4664
-3223
-37
1488
2192
2516
1292
276
34
-1591
-2450
-1434
-1784
-2380
173
4209
6176
5473
3426
2955
1585
-2351
-4851
-4476
-4582
-3660
-618
1390
2277
2762
2043
365
-1754
-4277
-4061
-2378
-2574
-2277
2230
7283
8235
5718
3501
3461
996
-4802
-6794
-4525
-4520
-5105
-2037
1593
2983
3127
3082
1890
-2033
-6523
-6202
-2588
-2449
-3416
712
7658
9636
6170
3996
5570
3617
-3480
-6683
-5318
-5089
-5421
-2692
1361
3893
3974
3903
3876
31
-5978
-7171
-3599
-2471
-2863
77
6250
9466
6396
2850
4903
5494
-732
-5326
-5459
-5934
-6492
-4108
-5
3389
4177
4248
4370
1499
-3891
-5969
-4129
-3806
-3966
-838
4527
7817
6249
3029
4320
5747
1434
-3205
-4716
-6160
-7600
-6373
-2428
1773
3654
4763
5295
1807
-4319
-5748
-2599
-2232
-3525
-1336
2956
5661
4929
2681
3539
5174
2958
-547
-3234
-5973
-7369
-6368
-3895
-649
1912
3367
4649
3087
-2196
-5225
-2806
-1652
-2454
-161
3526
5492
5327
3667
3416
5320
4846
1889
-1685
-5001
-6905
-5500
-2486
-376
1298
3250
3732
1262
-2665
-5115
-3981
-2236
-1272
496
3007
4683
4418
2779
3250
4977
4574
2734
-621
-5568
-8265
-6271
-2617
-6
1773
3149
3307
384
-4650
-6555
-4352
-3444
-2984
1016
4306
3863
3028
2829
2109
1893
2717
3773
1507
-4393
-8171
-5719
-1460
373
1739
4133
4846
958
-4892
-6951
-4264
-2856
-2733
275
4193
4264
2869
3047
3073
1280
905
3622
3340
-2310
-6589
-4957
-1000
1458
2360
3246
3920
1789
-3618
-6150
-3112
-650
-976
515
3058
3296
1897
804
665
786
802
2043
2754
-829
-5397
-4329
111
1425
1013
2325
2705
529
-2552
-5321
-5665
-3079
4
2444
4988
5851
3912
718
-1552
-2438
-1460
944
1316
-2097
-5844
-5245
-948
2240
3003
3710
3285
293
-2792
-4290
-4262
-3177
-1206
1252
4117
6875
7793
5419
1004
-1942
-1810
-508
-1396
-3623
-5857
-6359
-3380
1275
3178
3204
3262
1617
-2625
-5883
-4472
-1464
-582
-889
1112
5208
8021
7379
5033
2723
1305
-35
-2097
-4015
-6039
-8421
-6754
-1270
2482
3555
4617
3250
-2261
-6043
-4109
-892
-242
-58
500
2081
3670
4988
5924
6167
4982
2984
35
-2869
-4967
-6666
-6279
-3866
-1418
349
3277
4520
483
-3928
-2933
-1163
-2145
-1787
726
3216
3659
2343
1182
1877
3955
4990
3663
594
-2482
-5237
-6507
-6056
-3445
-12
3006
3490
-115
-3127
-1857
-473
-1887
-2026
-86
2196
3069
2630
977
318
2489
4730
3393
140
-1331
-2146
-3761
-4745
-3571
-1948
45
1122
-929
-2318
-15
1419
123
46
1189
2113
2741
2743
1312
-136
645
2806
3333
794
-758
21
-790
-3693
-3542
-1552
-909
-1523
-3144
-3861
-1204
1711
1371
846
1832
3122
3645
3639
1410
-857
17
2560
2839
1836
1788
1398
-1388
-3642
-2931
-2160
-2219
-2629
-4319
-5938
-3429
838
1748
291
1079
3481
4429
3084
694
-1071
-593
1239
2454
2470
2632
2861
1070
-2040
-3234
-1737
-622
-1826
-4163
-5510
-5197
-2989
-945
-1172
-1222
1718
4855
3920
583
-782
42
1304
2860
4202
3142
1658
1328
444
-690
513
2334
1343
-1446
-4615
-5969
-3691
-944
-1491
-1167
1127
1737
986
210
-891
-835
805
1997
3658
4830
3335
1264
-66
-1771
-1614
1798
3458
2282
247
-2633
-5027
-5718
-6212
-4023
1286
3329
1508
-614
-2195
-3111
-1093
2456
5404
5285
1807
-1599
-2674
-3255
-2498
1309
4140
3541
1879
653
-398
-2131
-5022
-5378
-2748
-1022
-251
-2
-1909
-2983
-353
3820
6229
5670
2901
1594
910
-2150
-3943
-1107
430
-878
722
3832
4057
1156
-2403
-3274
-1132
-183
-431
-1321
-4008
-6701
-5388
287
6337
7835
4841
2361
1329
-883
-1156
2211
2516
-1247
-2365
-47
1920
926
-2538
-2336
1841
2666
1158
2143
644
-5253
-8496
-5755
-1255
1863
2374
1548
1499
1418
692
2214
4189
2102
-2346
-3965
-1684
-102
-1840
-3112
-458
2526
4254
4775
3727
655
-3608
-6193
-3228
996
-423
-3859
-2663
338
1257
2759
5145
5124
1312
-3134
-3401
-387
-1359
-4918
-3752
513
1718
1550
3607
5631
3710
-569
-1054
1846
1393
-4009
-7444
-5185
-1602
639
3851
7068
4818
-646
-2099
-227
-1443
-4009
-3172
-971
-940
-2237
-1912
1100
3298
2070
3087
7303
7157
164
-6507
-7409
-4207
-1279
675
3324
4369
1877
-461
515
750
-938
-468
664
-1250
-4326
-4721
-3370
-2382
-1216
2988
7563
8197
5123
-142
-4343
-4709
-2777
-1739
-744
-440
-1041
-299
2244
3177
2712
2925
1731
-374
-1244
-1959
-4448
-6959
-7205
-2409
4441
7881
7953
5770
994
-3196
-2937
-1235
-1287
-3641
-5460
-4080
174
2115
2494
5671
7368
3705
-320
-1136
-2540
-5157
-7082
-5915
-1752
3086
5807
5541
3304
1262
697
291
-770
-3147
-6157
-6435
-1982
1849
2064
3517
6246
5287
1876
459
31
-1698
-4642
-5833
-3000
1813
5014
5503
3826
1405
-119
-1862
-3972
-4912
-5297
-5563
-3039
771
2421
4353
7452
6532
1737
-1653
-2821
-4133
-5516
-5239
-1649
3151
5812
6781
6342
3564
752
-309
-2439
-6191
-8384
-7299
-4945
-3074
-1121
3390
8717
9671
6027
2200
-1203
-5150
-7969
-7285
-3200
1752
5162
6596
5467
2906
1908
2681
1946
-2146
-7148
-8856
-6153
-3067
-1460
718
4609
6283
4442
1119
-1578
-3131
-3945
-4483
-3318
-127
3005
4864
5326
4453
2715
1364
995
-375
-3793
-6095
-5059
-2210
577
2911
4282
4536
3506
768
-2795
-4442
-4339
-3454
-1498
1311
2933
3190
3281
4198
3480
-68
-2868
-2483
-1761
-2820
-2918
-886
878
1100
1541
2409
2605
573
-2904
-5000
-4453
-2929
-1471
553
2994
3476
2877
3478
3907
1907
-1702
-4616
-4579
-2736
-2410
-1908
1019
3736
3613
2655
1621
473
43
-883
-3187
-4299
-3320
-1486
1829
3413
2029
2058
4247
3619
191
-2239
-3047
-2842
-2468
-1837
-795
1670
3067
3607
3633
1728
-1705
-2923
-1858
-780
377
1042
1885
1853
465
-1603
-265
2769
2216
-1754
-3237
-2762
-3736
-4145
-2573
310
2549
3567
2477
818
-785
-1942
-1712
650
2947
2934
2286
1852
1329
-535
-2232
-1341
1058
893
-1614
-2557
-1842
-1583
-2452
-2270
-342
1150
-848
-4012
-3776
-944
1450
3131
4714
4618
2718
818
1663
3705
3400
1114
-140
-737
-2468
-3921
-3766
-2232
-917
74
1157
1188
-1781
-4815
-4180
-1804
-288
1153
2669
2598
708
-732
1290
5210
6181
4056
2600
1375
-983
-2571
-2053
-539
-657
-3753
-5417
-3748
-2889
-2998
-1319
244
794
1546
474
-1133
126
1438
783
1735
3609
3439
3590
3498
2131
1981
1869
241
-94
-485
-3782
-5452
-4556
-3745
-3121
-2033
-1769
-399
1374
1132
839
963
32
-268
558
-76
1430
4944
5241
3454
3285
1842
-731
-784
-396
-1942
-3831
-4775
-5146
-3866
-1506
992
2341
1019
-1544
-1570
293
296
-904
-487
2041
3463
2749
2129
2846
2875
2014
2321
3420
1677
-3485
-6765
-5481
-3648
-3586
-2199
1232
2045
-845
-2011
653
2668
662
-1512
-731
539
92
339
2335
4076
4345
4174
4063
2895
-681
-4893
-7286
-6425
-2738
1313
2352
17
-2174
-2562
-1824
-558
2070
3726
2156
-502
299
2635
1936
0
2004
5316
4971
2357
609
-1058
-3489
-4435
-2526
728
1339
-1613
-5007
-4998
-2401
177
1586
2247
696
-3040
-4836
-1661
3263
5229
3818
1586
1233
1435
221
-961
-762
-2094
-4291
-2810
1018
1715
-220
30
2053
2161
-1495
-5005
-5000
-3607
-3177
-621
4872
7638
5596
2320
856
-1512
-3551
-1810
1931
1760
-1141
-1498
-433
-646
-1909
-1353
1759
4692
2220
-2212
-2488
-1278
-1720
-152
2673
1227
-1215
163
2318
2218
2851
3856
2354
-2000
-6230
-6357
-2494
927
1225
1085
1617
1635
637
35
-793
-2939
-3272
-1062
609
968
1988
3077
3965
4390
2338
-811
-1808
-2220
-3983
-3833
-586
1728
910
-1748
-3005
-1422
183
849
2024
1754
-1179
-2390
-1565
-1477
-2201
-2216
-682
2775
5074
4187
3448
3146
282
-2667
-2563
-1915
-1508
-1131
-1126
-119
2515
3493
3496
3230
359
-4014
-4995
-2252
13
980
983
1751
2114
1038
-748
-865
-890
-1713
-716
1442
2206
209
-1418
-1594
-296
870
2689
3635
1970
-679
-1985
-2102
-2337
-1847
-1055
544
1582
1299
1313
4036
4695
84
-3968
-3632
-2884
-4270
-4212
-1271
1613
2182
1899
3260
4915
3796
350
-1601
-2051
-4316
-6326
-3424
1476
1686
261
2228
4483
3080
1048
-441
-1683
-2244
-2287
-3282
-3062
-1607
-547
926
1827
1241
777
2174
1452
110
-290
-482
-994
1071
2072
-718
-2081
-557
375
-566
-483
-277
1083
1924
1272
-328
-1122
-1428
-1180
-211
-320
-227
998
1742
-615
-2396
-1510
517
2269
3738
3352
858
-807
-783
-978
-2874
-3840
-3186
-1812
-1190
-206
1590
3418
4056
3491
2242
-539
-2767
-2850
-1105
119
1848
3952
3143
-1002
-3992
-3299
-122
4531
6385
3357
-1056
-3741
-5852
-6039
-2635
705
1567
839
-697
-2081
-816
1712
3792
4712
3332
555
-2099
-3316
-3094
-895
1581
3141
2302
-26
-1843
-2596
-1937
852
3953
3489
976
-1508
-4375
-5912
-2502
2026
3341
1627
-1125
-2512
-868
1235
2874
5407
5828
1842
-3200
-4525
-2983
-658
1092
2826
2855
-566
-4212
-4072
-1529
473
2953
4115
2774
-709
-4416
-6283
-3700
586
2341
2557
1937
302
-1943
-2093
-273
3339
5667
4057
-634
-3268
-2163
-476
-27
854
2627
2514
-968
-5317
-5481
-1956
1890
3689
4239
2940
-269
-4010
-4668
-1724
974
1342
1738
1692
-1594
-4889
-2957
2330
5292
4267
625
-1786
-1295
-733
-2481
-2371
379
979
-2439
-5108
-3495
564
3381
4139
3721
2470
-462
-3954
-5098
-3081
-482
2183
5472
5152
233
-4080
-3643
-957
2472
3733
2001
296
-590
-2914
-3508
160
2319
909
-730
-2449
-3277
-653
2174
2308
3477
4185
1971
152
-667
-2969
-2560
2530
4982
3249
-74
-2767
-4275
-1773
983
2108
2154
1487
-1905
-4431
-2775
-386
19
-1224
-1388
-813
211
-126
509
2096
3680
2469
656
267
-206
-2095
-1897
1650
4114
2890
-789
-3251
-3330
-2517
-2040
-415
1518
786
-1819
-2539
-1640
-933
-794
193
1264
2023
1282
492
155
1010
2239
2860
1608
-170
-1141
-1685
-183
2201
3502
2634
1258
-2605
-5143
-3619
-1357
-1560
-678
589
-924
-1544
220
1627
1302
785
-655
-1783
-844
1237
2340
2756
2015
1144
1061
-240
-1480
1848
5032
1639
-2457
-2445
-1405
-2390
-2385
-1180
292
470
-419
-264
520
-212
-2160
-1190
-444
-1225
-2180
-904
486
2393
5012
5562
2247
-1256
-1563
-3645
-5715
-1657
4165
2700
-696
-1062
-1663
-2568
-1547
-1058
-673
-322
-727
-1345
387
559
-217
1432
2688
-328
-3421
-823
2854
4413
2898
2317
748
-111
-420
-567
-1234
-156
1202
383
-265
-977
-1419
-2035
-515
-555
-270
1944
4506
4149
2831
213
-3520
-3893
-2493
-2647
-1985
2421
5450
4785
2698
1062
-74
281
-606
-2441
-4387
-6142
-5710
-826
2736
1844
1485
2528
1758
-1574
-3218
-1591
1808
3024
1362
-1028
-2966
-2920
-396
2331
3997
4083
1396
-2209
-3513
-2951
-51
2467
2169
943
391
-3125
-5676
-1893
2512
988
-1653
-98
1586
1110
-1819
-1754
2536
6925
5036
538
-2637
-3711
-4328
-3966
435
4825
3430
-1048
-1095
61
1248
3044
4737
3471
222
-6761
-12236
-8865
-1070
2346
4095
7709
6849
1296
-4646
-4811
47
4170
1830
-1381
-2259
-3369
-4212
-988
4881
7609
4964
-537
-3266
-2679
-1560
67
3120
4781
2699
-3699
-9542
-8849
-2727
2495
5928
8024
6386
167
-5302
-5386
-1552
1453
2359
2203
1228
-1144
-3115
-1563
1978
3476
1098
-2143
-3484
-2487
-1516
-922
1450
5196
5083
-761
-8193
-11144
-6801
1137
5783
8149
9193
4802
-3414
-7037
-5355
-2445
1104
2590
2000
1863
1124
-1944
-1014
2431
3093
1045
-1018
-2913
-2603
-965
149
3877
8723
8069
-881
-8428
-7518
-966
1801
2654
5413
5287
-1383
-6593
-5025
-1472
1046
1678
2155
2796
1391
-3737
-5905
-2472
1140
1898
2228
1572
160
-574
115
2880
5702
2605
-4486
-7436
-5650
-3482
-1653
2030
5769
5716
669
-3858
-2617
-449
-3908
-5450
-268
3303
990
-150
1422
4104
5592
4155
221
-3254
-4246
-3603
-1965
-1187
-449
1428
4165
3761
1223
-694
-1025
-1603
-2750
-2363
-1081
-623
-367
-290
-3574
-3795
2164
7623
7324
5754
4330
160
-3034
-3974
-4302
-3894
-192
1505
380
120
1845
5407
7946
6250
104
-4957
-6918
-7800
-7584
-3711
4029
8457
6074
1666
703
-1902
-5529
-3592
729
1418
296
59
-441
-855
-4246
-4563
1787
5929
-211
-4464
-428
4266
4377
1570
-1497
-3679
-4645
-7560
-6498
2554
11496
10107
1733
-3004
-2507
-5051
-10871
-7066
4104
7830
3089
497
2096
1980
-179
-253
1707
-1019
-8219
-10433
-824
9281
10904
7305
4457
-781
-7415
-9800
-2985
7129
9759
4155
-2474
-5057
-6461
-4574
-479
3732
4759
5558
4155
953
-2783
-4421
-2474
1335
1101
-4242
-7236
-4418
3045
10556
13636
9468
1834
-6280
-11329
-10115
-2028
5939
8282
4286
-2351
-8495
-9380
-2011
6416
5823
660
-898
-3175
-6898
-6370
-2232
2152
7707
6665
-3147
-10347
-6847
397
6865
11103
9699
3175
-5007
-11169
-12111
-4346
6252
12151
9915
2054
-7440
-10879
-5595
897
2014
2310
2491
-469
-2167
630
3452
4518
5548
1643
-5059
-9204
-6681
-909
5081
6645
5638
4728
1632
-2758
-5068
-2278
2454
5026
1181
-4785
-8733
-9293
-6008
1413
9573
11818
6211
-1979
-3846
-986
-453
-1947
410
2893
-1342
-8258
-7643
2431
10263
9372
4362
2166
263
-4281
-7879
-4526
1227
879
-2877
-3489
-1209
175
1784
3967
5457
4464
151
-5295
-5388
-782
1269
831
2213
2237
-2111
-5160
-1786
3472
4971
2350
-634
-2083
-2844
-3805
-1931
1862
2502
266
-1608
-2223
-2064
-440
766
1926
3221
1746
-2409
-3526
-659
2678
4731
2927
-1549
-3326
-3674
-4630
-2611
2799
3396
2429
4108
2913
-3648
-4679
1189
4189
1831
-2684
-3909
-1770
1730
654
-1440
-376
3603
4112
1135
-401
931
1917
421
-1881
-3263
-3367
-2279
832
5285
6385
2395
-1315
-1670
-1476
-3761
-2933
1270
5210
3389
-843
-3491
-2632
-1272
-580
-54
-733
-1225
-1871
-827
1103
2581
361
-1902
-2010
-633
483
1112
475
-300
-47
-1864
-4650
-4000
-296
1964
3099
4041
5157
4469
-868
-6855
-4916
704
42
-2860
103
2330
829
2526
6721
4581
-1297
-3836
-3069
-1101
2
-1437
-1738
2669
3581
-1119
-3260
-406
282
1284
4815
8314
6138
-1262
-10723
-10682
-1310
3936
2231
2714
4645
-247
-4636
-2578
2751
2298
-444
-3367
-2846
-1187
294
-20
1995
4138
2180
-2632
-3904
-1065
299
1380
3716
7702
6006
-1579
-8584
-5351
-1006
-1863
-1626
4937
5051
-3716
-8345
-2948
2628
3424
1401
-1291
-1708
-816
-1301
-1888
2281
3760
127
-2928
-414
-315
-475
3740
9042
7920
2317
-5073
-9011
-7237
-4950
-4371
1778
9436
5541
-4375
-6089
-1412
-1817
-1519
2043
5432
1682
-2038
-2841
1093
4374
4056
488
-327
1995
777
-1267
506
4694
3256
-635
-3635
-4561
-6657
-5692
-424
5547
4042
-645
-2740
-654
-616
-2042
-826
5115
8550
3344
-3400
-5038
-2339
73
6124
9269
5973
-1894
-4936
-5548
-3059
2304
6282
768
-8571
-11055
-7090
-1085
3691
5214
1677
807
1806
-1084
-5468
-1650
4566
4829
-12
-3013
-3001
532
2941
3583
5911
6780
-931
-9358
-8230
-4658
-2726
457
3568
257
-3126
-2143
1074
3730
4151
925
-890
984
769
-2013
224
6049
7763
4192
-767
-3438
-3641
-3117
-2977
1031
4595
1865
-3234
-4136
-3426
-3009
-674
210
-1006
-1377
-1308
-475
2850
5794
3310
706
1398
2104
970
532
3078
4891
2019
-5391
-8398
-6260
-3619
-2299
2342
7632
6451
-157
-3899
-3400
-2283
-1539
-90
1145
-97
-1715
-742
3956
7008
5359
182
-1161
1471
2387
-1767
-3719
-1148
-319
-3994
-5582
-4937
-5125
-3715
707
3813
4115
4171
2816
988
-1057
-2033
-2104
-510
-1831
-3244
670
5964
4179
2121
2835
1025
-2800
-2048
-1729
-3662
-2004
580
-858
-3541
-2995
-4199
-1514
4687
8932
6056
2474
1095
2197
2917
-223
-2979
-1017
2156
-274
-1822
1549
2851
-777
-2197
-256
517
-181
-822
-3749
-6298
-5127
-1522
47
2081
3033
1223
1399
5736
5990
-561
-3844
-440
4588
5672
3080
-2203
-4073
-4180
-4750
-2463
3084
3474
-677
-1689
-1586
-2378
-2856
-3491
-5853
-4110
-171
1134
3420
7920
6877
495
-2220
-2003
-3367
-3323
-247
2782
4449
3578
-56
-2904
-2986
-3159
-1437
1110
60
-2874
-1978
-584
-1635
-327
519
-967
623
6546
6076
1543
1939
4170
1519
-2372
-2764
-1116
72
-1211
-74
5739
8645
2891
-1783
-2893
-6938
-10897
-6235
385
3070
3821
3140
935
131
-128
-1547
2
3038
3151
481
-565
-1396
-919
710
2246
1519
1329
1938
1659
-631
-2042
-2223
-3022
-3455
-3185
-3071
-3011
115
3131
4678
3772
1285
-4357
-7221
-5988
-2299
2369
6456
5491
1536
832
1669
2394
2687
1535
-3873
-7059
-6238
-3813
-617
4324
5221
4005
4067
1798
-4076
-5497
-1897
-1639
-3227
-3490
-2933
-2186
852
1777
3973
9918
10785
2622
-3432
-3868
-4450
-3507
-2
465
-291
750
438
1178
5937
7426
1572
-2407
-4058
-5820
-6622
-3757
-692
1691
1362
-2009
-1417
4037
6866
2225
-1284
-553
663
-954
-2259
-154
3210
3027
-211
-1175
690
1305
-251
-1506
-2018
-2002
-489
386
-1945
-4213
-2910
350
1711
2406
2008
-19
-1124
852
-226
-3391
-1751
3314
4787
2822
2235
1488
719
-1753
-4460
-5482
-2833
77
2001
2209
-757
-2011
67
1119
-1315
-726
2320
1830
-1427
-2735
-1547
281
2082
1570
-210
1173
3796
3680
1275
-454
-1828
-2828
-3025
-3059
-1173
741
1303
2474
5513
3846
-2206
-4318
-2315
-347
1204
2376
604
-1145
-2090
-3249
-1501
4646
6486
1423
-2294
-1400
-970
-1743
-698
899
1670
1226
407
-1092
-790
-349
-450
330
2434
1932
-1081
-892
919
701
104
1623
1213
-425
-890
-2018
-2674
-247
848
-1913
-1519
2362
1586
-1619
-1514
204
431
648
-1532
-5000
-3782
-1068
-677
881
4571
1883
-2193
-160
3191
1162
-1166
-671
-355
-771
-3195
-3391
473
3235
-320
-2123
312
655
-1494
-1453
468
1613
2578
1006
-714
-676
-1017
-1299
2061
5119
3113
1460
2957
3101
752
-931
-1720
-1072
1453
1158
-2148
-3258
-1993
-1292
-1182
382
1747
2627
1716
-161
-1157
190
520
-1742
-2534
-804
1243
1560
3254
4659
3509
240
-1794
-3438
-3745
-2233
-935
-1073
-909
-1463
-4036
-4353
-953
1484
846
1154
1549
157
-1695
-1842
-1835
-724
599
1492
2430
3920
2425
133
926
1607
-558
-1357
-148
-1073
-1886
-662
935
1174
1512
-526
-2744
-2456
-531
499
2099
2344
802
913
1959
1006
640
3207
3483
1233
-553
-986
-1309
-202
-54
-711
212
1594
1002
294
-360
-2129
-2514
-1644
-3299
-6349
-5273
-1258
2199
3779
4210
2750
1479
366
-1049
-1552
-236
424
-671
-984
-91
898
1373
2632
3564
3328
1378
-1043
-2985
-4198
-4993
-4429
-3145
-1887
-1116
465
2662
4045
3574
1942
290
-795
-844
-1618
-1633
-163
1549
666
-88
1496
3354
2607
925
84
-262
-1661
-5021
-6369
-3185
904
1354
681
1389
1286
135
835
1569
-107
-1573
-1306
-764
453
2202
2579
2714
3867
2754
-580
-1354
-346
-1234
-2202
-1495
-1340
-1403
-311
-246
-806
536
2853
2382
384
-1496
-3318
-3879
-1524
1304
1470
672
885
2353
2727
1651
406
145
-950
-3219
-4006
-1321
1828
2520
1563
879
-195
-1381
-1124
244
210
-596
-524
-1081
-2104
-1632
930
2536
3089
2515
1337
50
383
995
159
-1960
-2595
-1145
15
-330
-444
752
681
-349
-862
-582
-1299
-1619
-1904
-2066
-1346
862
2009
1680
1268
873
719
652
-19
-1117
-830
-220
188
1423
2606
1222
-173
407
281
-1796
-2181
-1272
-951
-1455
-1517
-788
1095
2348
1396
917
1897
1862
143
-55
35
-438
-520
251
644
1341
2371
2357
1516
353
-862
-1247
-1378
-2246
-3222
-2291
-829
451
1900
2489
1747
694
201
-1003
-1334
-833
-417
-772
-386
89
203
723
1011
530
-762
-1721
-1649
-594
-37
-925
-1883
-1994
-1672
-1212
-31
1053
1057
83
-870
-1040
-782
-485
-451
-175
385
1052
832
884
1739
2003
-24
-1930
-1411
128
476
750
1708
2031
1583
892
666
1324
1615
-185
-1206
-501
-125
-878
-259
680
933
1733
2358
1262
196
-150
-1647
-2800
-1898
-352
23
-307
-364
550
1360
1293
1168
2160
1659
-781
-2156
-1281
-794
-1260
-730
5
145
155
914
1532
1793
1088
-1097
-3341
-3832
-2413
-984
-875
-1512
-1093
-63
-133
106
1536
2550
1406
-357
-1123
-884
-806
-1308
-1195
-71
1258
1324
1215
1443
1670
680
-704
-647
502
105
-1467
-1398
105
655
115
1
342
852
1241
1260
1135
1273
415
-988
-1470
-322
848
1277
610
-180
-400
-524
-440
629
1543
293
-1406
-1366
-408
228
789
637
-544
-1951
-2521
-1621
199
1060
900
333
-99
-377
368
1157
1318
1245
542
-1189
-1975
-1229
-591
-31
820
769
10
57
379
379
-92
-549
-1084
-838
-924
-1084
-629
475
789
656
839
1348
1207
85
-839
-1204
-1258
-1453
-715
201
596
292
711
1153
1232
745
226
-610
-1785
-2584
-2286
-753
785
1318
1161
1278
811
162
296
663
14
-147
281
304
-40
487
1310
1541
1027
430
461
745
270
-575
-822
-844
-819
-420
-88
-52
337
658
713
115
-282
-663
-775
-1287
-1423
-826
70
759
1668
2344
1485
291
-355
-728
-1394
-1140
-590
-187
-422
-809
-992
-46
1175
1549
1202
390
-467
-933
-566
-642
-817
-650
-777
-1365
-1215
-310
500
1284
1886
1394
506
148
-285
-933
-999
-625
-337
-221
-339
-446
-366
-65
135
443
818
363
-548
-992
-932
-793
-524
118
687
754
121
-344
152
1540
2165
1909
1381
339
-664
-960
-396
131
473
435
150
-592
-807
-139
426
219
33
-28
-687
-983
-350
716
1341
1593
860
36
-689
-1235
-1011
272
1131
937
816
377
201
469
770
-220
-1354
-1982
-2203
-1844
-831
517
729
99
-361
300
875
951
666
368
-16
-784
-1417
-1227
-660
-643
-649
-132
926
1555
1245
542
298
-86
-1251
-2537
-2969
-2396
-1185
64
1049
1623
1601
893
698
938
1031
557
-191
-772
-669
-54
567
1265
1278
873
416
552
491
524
406
141
-249
-258
-473
-496
47
341
719
1573
2185
1402
882
466
-432
-1507
-1566
-1086
-569
-243
8
428
780
336
-653
-1283
-1921
-2609
-2564
-1534
-672
-160
295
483
279
245
-147
-905
-804
386
1012
789
689
900
441
-368
-704
29
1322
1552
906
198
-749
-1762
-1298
-704
-1123
-1202
18
925
1187
1131
930
787
324
-470
-745
-464
-407
-154
465
1115
1610
2031
1347
396
-335
-918
-1158
-285
501
660
224
-580
-548
92
97
-417
328
1107
1104
341
153
381
388
-177
-368
-481
-971
-824
-72
654
787
476
-594
-1453
-1998
-1770
-815
542
1305
1424
957
0
-565
-619
-559
-717
-381
187
374
-343
-1288
-1098
-38
356
242
96
-238
-503
-541
-628
0
803
88
-947
-695
24
142
748
1090
717
209
-337
-941
-818
-58
-423
-778
47
1120
922
208
55
354
-7
-819
-681
169
156
-333
123
1186
1742
1020
60
-177
8
-235
256
961
997
1039
1707
1572
874
528
-250
-1062
-603
515
529
-244
-947
-567
28
459
489
451
11
-703
-1141
-509
1021
1187
292
-87
-161
-916
-1185
-798
-235
461
22
-1441
-1907
-1383
-2090
-2574
-1203
14
-200
-430
239
1305
1917
1186
-61
-691
-829
-1157
-627
1433
3019
2184
448
208
471
262
69
136
348
611
-113
-1576
-1187
91
-83
-1145
-1070
-672
-634
-682
-37
997
958
-303
-1414
-1677
-1460
-430
993
2735
3463
2636
654
-601
-1215
-878
103
461
563
1194
1493
401
463
1261
869
-1020
-2154
-1611
-207
206
428
2481
3454
1117
-1850
-2050
-521
509
479
1349
2532
669
-2701
-3292
-2123
-1674
-1009
204
915
773
-202
-1044
-243
691
-81
-1301
-1549
-1221
-532
333
1045
1750
1656
-273
-2398
-2640
-1494
-713
-270
937
1450
237
-1372
-1302
-344
192
401
680
1102
247
-716
-1020
-560
-746
-487
55
-18
-97
452
1282
1462
1970
1365
253
-701
-728
-174
1563
2120
1471
1649
1498
330
-276
227
98
332
51
-304
104
964
791
251
539
1180
1269
-52
-652
51
785
121
-981
-1095
-941
-1646
-2125
-184
1706
665
-1565
-1383
0
-79
-1428
-1334
-356
-1292
-3400
-3298
-727
1036
1142
484
1081
1718
46
-2439
-2446
-810
-214
-255
-876
-728
279
820
1452
3187
4119
1739
-1039
-2047
-1048
-536
-1042
-1083
321
41
-2238
-2047
682
2543
2653
2767
2224
1618
-145
-1972
-2192
-496
212
635
1541
1551
1344
1629
1602
742
514
-910
-3143
-3908
-2150
-22
1421
1710
1866
2176
891
-1488
-1352
1000
2061
1378
725
536
-602
-2817
-3606
-1501
589
1523
2002
2293
1421
264
-917
-660
-139
-951
-2419
-2063
-245
1331
2038
893
-487
-1235
-1992
-3847
-3134
-730
807
1014
1005
256
-927
-2079
-2928
-1127
1152
1534
1442
2265
1651
-132
-689
3
885
-278
-2640
-2465
-241
965
1157
1143
-89
-680
-549
-1226
-1321
867
2387
2303
1729
129
-2075
-2773
-2665
-2456
-247
2146
3395
3864
4950
3316
642
-504
-321
-1774
-3210
-1253
2089
5221
5414
4110
1530
-394
-2337
-2278
-1161
-1068
-1592
-596
1094
43
-1832
-2172
-1627
-1689
-551
671
2712
4132
3948
1103
-2055
-4649
-5755
-4845
-3483
-1071
1194
2950
2891
1255
-1824
-3780
-3298
-2410
-1988
-2476
-2765
-730
2763
4004
1635
-818
-1802
-1710
-1507
313
4628
7930
6653
2004
-3073
-6419
-5977
-2172
2139
4944
5056
3094
2343
1447
-636
-2509
-1452
-806
-1787
-3803
-3450
453
4574
5544
2383
-1294
-4162
-4468
-2761
1666
5912
8038
6499
2565
-3032
-7274
-6248
-417
4159
4126
1946
294
166
-23
-44
-53
575
-571
-2911
-4476
-2205
1625
4414
4812
2744
-1804
-6097
-6085
-2189
1461
2890
4187
4150
1355
-4684
-9006
-7019
-250
3098
1581
-581
-1865
-1986
-277
1912
1357
-304
-1144
-2198
-3104
-1910
1654
4236
4491
1262
-2599
-3953
-3101
-1539
34
2606
4030
3859
1609
230
-1202
-2206
-1082
1355
645
-2580
-3215
-691
3231
4194
1247
-591
942
-629
-3717
-1937
3024
4441
3178
930
299
682
-976
-2122
437
2817
1051
640
2711
4404
2267
-1574
-2157
-1327
-3158
-5651
-3291
1082
3822
3746
1907
993
-36
-2430
-4538
-1966
1551
2263
854
412
-66
-1165
-2104
-1940
-555
-583
-1486
-184
2325
1853
850
365
-1453
-4766
-5487
-4748
-2808
146
3046
3733
2436
171
-2480
-2797
-2350
-989
1811
4430
3727
1634
229
-502
-235
-510
-1555
-757
939
999
1482
3834
5385
3836
85
-3981
-5774
-5131
-2568
2301
5751
4812
1279
-383
-1012
-1232
-1077
302
3482
4201
685
-3388
-3502
-2735
-1883
-1829
-846
1552
2257
868
1125
4041
4028
1707
-1430
-4474
-6058
-3888
-742
1940
3810
3252
831
915
1681
-912
-2787
-976
2247
1092
-1054
-2247
-1582
-1954
-2131
-564
2062
4495
2805
289
-935
-978
-2573
-2630
-1554
-1713
-1895
-1312
-443
-427
-407
-570
-293
314
458
-1448
-3184
-1398
1486
1097
60
501
-132
-2082
-1638
1246
3365
4869
3944
1054
-2348
-3676
-2660
1620
5469
5125
3075
1528
-101
-3005
-4074
-2070
1124
2828
3001
1034
-1163
-1200
400
254
346
562
-373
-1353
-924
660
3483
7289
6310
1339
-3116
-4786
-4387
-1018
2501
3215
2805
1829
-1719
-4538
-4993
-3208
-624
2840
4061
1271
-2762
-4038
-1430
-746
-39
627
688
-2632
-4804
-4206
46
4501
4269
-211
-5100
-6888
-6740
-3504
128
3904
5575
3079
-3045
-5508
-3995
-1587
1840
5767
5068
440
-3341
-3557
-517
3228
5913
5814
2257
-3807
-6062
-2946
3632
9428
11176
5480
-2888
-7385
-6918
-4498
185
6796
9105
2732
-5641
-7041
-3033
1107
4116
4726
2264
-1045
-4590
-4345
1441
8037
8711
5178
-1388
-7035
-7669
-3306
2835
8564
9692
2901
-6668
-11886
-10344
-5612
476
5963
7966
2881
-4863
-6291
-1765
384
-29
1013
717
-3034
-5052
-1894
4209
7905
6624
1629
-3177
-5767
-6511
-3526
3385
8091
7144
2371
-5097
-10697
-8522
-3534
-2396
-40
3307
1835
-3619
-5972
-4557
-831
1771
1549
1182
2361
2669
2455
3707
5040
4371
1682
-1553
-3310
-2504
-830
2811
6685
8388
4751
-753
-5261
-4958
-4439
-5187
-2134
3951
5543
699
-3201
-3094
1428
2957
1631
2421
5514
3761
-196
-1823
-601
1337
757
-2322
-3203
-727
823
2277
4488
5849
3987
-342
-5538
-7575
-7923
-6096
-1797
3069
4118
2082
-1799
-3673
-657
1670
2839
4478
4296
-435
-2907
-3894
-3158
721
3212
-104
-3283
-2709
-1435
1288
3109
2668
2012
365
-6567
-12123
-9198
-2237
522
1081
2365
2638
-967
-3651
-1408
4675
9706
8279
2317
-1999
-2725
-3998
-2129
2357
4378
1881
-1100
-2850
-354
3288
3240
2830
4504
2086
-5548
-8985
-5594
183
1395
-76
669
3931
2182
-1127
1609
7297
8324
4077
-1717
-6050
-5279
-2730
-1420
789
3609
2420
-1336
-2400
-672
807
2272
1622
-1033
-2774
-3047
-5425
-5651
-1292
1032
-447
861
4962
5445
3973
3336
3878
3994
2450
-3210
-5774
-3973
-2593
-2115
504
2084
189
-1256
-1855
-1161
-823
-787
-2005
-2260
-1907
-1992
-4192
-6591
-5070
-1413
-81
662
3748
4705
1987
-229
-276
1137
2499
743
-1314
-487
2107
2484
3096
3120
2776
3035
3566
1987
-655
614
2289
1818
-1607
-3337
-4291
-5700
-5324
-925
3668
4482
4008
3549
3365
1745
-1237
-769
2705
2091
-1709
-1916
-966
-973
-217
-259
755
3100
2462
-2406
-3449
-800
550
-1459
-4277
-4550
-2793
-2260
-2403
346
2977
2257
1727
2923
2237
-74
-1502
-632
715
631
-2441
-3531
-3383
-2308
-907
936
2845
4268
3641
-673
-3205
-3669
-4044
-5544
-4270
-1464
1026
1562
-457
-3028
-1810
1352
3219
3966
4571
3678
544
-1561
-1071
1088
1888
2313
1469
1549
1965
2045
3060
5946
5860
905
-3180
-4146
-4295
-3443
605
3751
2872
-707
-4319
-7078
-4968
57
3806
5743
4909
91
-4398
-4213
-2853
447
3730
3758
355
-1712
-1805
-1221
1262
3897
5167
1473
-2349
-4040
-2845
-644
1906
2317
-407
-3103
-6361
-6978
-1910
6358
9056
6818
1772
-3267
-5632
-5203
-2915
2608
6102
2087
-3398
-3988
-2942
-3250
-912
3339
5011
1008
-4627
-7437
-4656
-1561
-1232
-913
-19
-3002
-7283
-4330
4347
10169
8855
4301
828
-1485
-4220
-3924
1872
7647
6641
1896
-6
478
-516
-574
3394
7155
5559
37
-4534
-4725
-2753
-2298
-2174
978
1460
-2428
-3622
607
4423
4628
3074
580
388
-571
-2563
-1566
3483
4491
2357
1775
547
-2203
-3793
-3075
-2526
-1357
-2042
-2881
-2356
-1651
-3129
-4442
-3103
-1052
870
1452
1269
882
729
520
1210
2475
3957
4534
2746
527
306
1059
557
269
-605
-1991
-3904
-4781
-4864
-3878
-1213
1140
1326
-15
-820
-3138
-4775
-2717
1607
2204
350
-492
-147
951
2849
5242
7918
7700
3043
-737
49
513
-215
1993
3418
1790
-243
-1124
-3006
-1875
634
1462
1944
2796
-641
-5424
-5794
-3831
-1923
-32
685
-437
-181
-110
1099
4507
6167
2481
-464
-649
-1877
-3625
-1949
1429
2923
1359
-1731
-4116
-3897
-2571
-1244
1710
4340
2190
-2841
-4785
-4849
-3536
-1280
1561
2614
2365
975
1188
2882
3908
3103
1177
-25
-634
-2071
-3632
-1722
2113
2580
-1169
-4043
-3860
-2338
-2258
-964
1403
1998
-1096
-3918
-4488
-3717
-2971
-1394
1041
2884
3548
3807
4385
3781
3146
1963
1108
85
223
-397
-408
1137
2083
620
-1201
-512
810
2254
1977
1089
526
489
-373
223
1376
373
-672
-940
38
1192
2631
2947
2687
1548
-964
-2929
-4046
-4038
-2388
-735
-736
-789
-1823
-3177
-2379
331
1750
1879
714
-2189
-4585
-3893
-584
1802
1910
759
-253
-604
849
2328
2898
2562
1416
-1079
-2991
-3435
-3173
-1922
283
762
-526
-1776
-3023
-1973
382
1655
1021
483
-1637
-3920
-2976
147
2149
2559
2352
1055
321
1750
3793
4720
4673
2321
-54
-481
-725
-871
-80
438
-327
-1114
-1617
-594
1818
3237
2682
2110
1489
-777
-1956
-1279
330
-132
-379
-350
-255
132
716
2052
2806
1617
-1284
-2284
-2411
-1829
-1374
-736
-643
-1281
-2223
-2360
-10
3681
4824
3032
1237
-38
-1772
-2164
-1253
-1380
-2031
-2847
-3488
-2519
-302
654
1698
2517
1394
-733
-1528
-2655
-3051
-1799
-494
-449
-317
-1581
-2933
-1374
909
1626
1649
2093
772
-259
-1041
-563
-156
316
-827
-1567
-566
1063
2351
2951
3561
3495
2825
1778
689
-2149
-3061
-1675
589
853
473
-133
813
2120
1836
1657
3126
4017
1498
-55
586
758
-170
246
-248
-1037
-1039
51
307
295
286
323
498
-159
-2221
-4310
-3401
-1204
-621
-1440
-878
-186
-237
-1040
-810
11
542
-25
-853
-162
735
218
-418
-188
-836
-1477
-1169
-316
139
728
514
-410
-825
-1410
-2982
-3241
-1890
-1771
-2686
-1964
825
1909
1540
1242
1331
781
292
395
901
1310
1026
338
-842
-1326
-1698
-1358
251
2430
2942
2637
1690
831
999
1199
1034
828
134
-1444
-1821
-634
1666
2521
1776
494
-320
-691
-373
890
1677
1655
1663
1006
-768
-1591
-1237
-439
697
1111
225
-703
-2058
-3028
-2003
-665
-1194
-2699
-2842
-1957
-1073
1013
3820
4641
3419
1601
519
374
410
218
-116
296
817
44
-1349
-996
-65
-126
-625
-840
-720
-1164
-1860
-1424
88
-139
-1587
-1943
-1162
-491
-20
678
928
517
-775
-2077
-2274
-1635
-1278
-1898
-1817
-877
-66
118
606
1234
1239
1067
210
417
1244
1974
1986
2059
2470
1938
893
701
1811
2523
2037
869
857
1089
-187
-1060
-530
-446
-749
-1085
-940
-714
-279
-377
-728
-389
-680
-1440
-1510
-591
-39
452
752
847
368
10
-315
-60
1090
964
-115
93
1109
810
90
397
673
18
-117
-343
-405
-422
-408
-194
79
-104
-670
-527
-374
-338
-113
354
252
-333
-823
-1078
-1170
-1098
-1197
-730
-43
-598
-1394
-1445
-1413
-1503
-1335
-1095
-788
-577
-818
-695
412
1172
1020
649
275
416
691
611
884
959
1111
1067
793
761
653
959
1867
3128
3006
2085
1966
2018
1524
576
-76
-536
-884
-1831
-2721
-2068
-1595
-2174
-2787
-2407
-1885
-1473
-1080
-1528
-1708
-1058
-216
-138
-77
155
519
832
800
955
1195
1930
2087
1965
1732
1584
1842
1540
1479
1486
1343
939
215
-544
-606
-205
-30
85
-285
-948
-1542
-1879
-1869
-1347
-840
-363
303
120
-867
-1182
-1036
-1407
-1871
-2257
-2322
-1998
-1670
-1413
-925
-92
-166
-708
108
1555
1775
1395
1818
2540
2692
2417
2207
2049
2049
2046
2025
2189
2467
1893
1075
922
615
-211
-566
-74
368
786
759
-2
-1055
-1722
-2592
-2737
-2048
-2077
-2921
-3039
-2232
-1842
-1302
-1050
-639
101
533
418
466
1231
1409
979
846
782
274
-391
-634
-186
631
1097
1345
1209
1140
1375
1117
977
973
821
801
852
796
287
-256
-418
-656
-767
-1020
-1048
-1214
-1066
-590
-996
-1411
-1603
-2114
-2562
-2112
-1351
-482
122
408
387
182
99
-237
-648
-293
-2
230
830
1015
902
1016
1369
1056
982
1300
1467
1406
1920
2178
1670
1121
331
8
71
319
783
780
447
-35
-630
-1264
-1498
-1292
-1366
-1728
-2052
-1920
-1806
-1242
-922
-837
-662
-525
-319
141
1251
2048
2233
2352
1833
809
495
524
745
840
850
636
443
445
518
556
633
689
674
181
-401
-269
-153
113
-359
-1044
-1591
-1709
-1438
-1199
-934
-1197
-1590
-2044
-2733
-3257
-2920
-2253
-1483
-922
-961
-1207
-1194
-877
-571
-264
387
810
929
749
546
1075
2010
2586
2836
3146
2751
2136
1977
1947
1607
1312
1203
819
582
285
168
562
1058
1126
661
261
-236
-852
-1468
-1591
-1349
-1205
-1304
-1572
-1802
-1910
-1534
-1065
-692
-376
-307
-326
34
326
107
-54
114
296
205
-41
-18
41
226
512
833
797
835
1339
1303
1229
1464
1806
1718
943
286
365
188
-379
-755
-490
-177
-341
-787
-1110
-876
-1072
-1645
-2119
-2008
-2059
-2504
-2515
-1764
-1518
-1681
-1084
-323
-16
-214
-406
-698
-508
-228
-174
-22
720
1419
1566
1788
1844
1962
2350
2335
2240
2586
2443
2403
2358
2351
2473
2694
2798
2421
2102
1663
1107
225
-244
-908
-1929
-2072
-2105
-2329
-2217
-2303
-2473
-2146
-1706
-1603
-1283
-522
-219
-229
-214
-151
107
453
617
618
638
573
425
578
916
1093
802
760
838
688
361
166
-74
-253
-87
-597
-1171
-1536
-1468
-1623
-1557
-1516
-1706
-2298
-2976
-2984
-2707
-2114
-1860
-1838
-1663
-1507
-1540
-1638
-2053
-1911
-1715
-1393
-1001
-773
-562
37
1006
1965
3048
3861
4557
4777
4560
4346
4384
4226
3556
2834
2555
2185
1937
1836
2093
2194
1831
1339
383
-541
-1330
-1599
-1497
-1585
-1767
-1679
-1829
-2027
-1992
-2041
-1990
-2183
-2802
-3179
-3113
-3204
-2968
-2404
-1864
-1289
-802
-11
868
1279
1111
1127
1017
823
428
-156
-280
-237
53
162
226
680
1209
1477
1645
1388
1116
747
96
-160
-340
-728
-635
-577
-571
-663
-988
-749
-558
-689
-886
-1225
-1598
-1619
-1682
-1196
-505
158
480
482
463
437
785
1065
919
858
1351
1931
2710
2748
3178
4155
4646
4794
4644
4429
3786
3095
2723
2474
1906
1283
792
-55
-981
-1389
-1409
-1674
-2094
-2377
-3117
-3649
-3601
-3553
-3758
-3461
-3265
-3438
-3009
-2341
-1853
-1573
-977
-1013
-1160
-1177
-939
-432
-256
426
670
470
468
-38
54
496
612
926
498
-91
-676
-1013
-1062
-836
-513
-503
-222
394
870
826
1193
1597
1451
889
267
-277
-840
-1153
-1215
-1432
-1390
-1303
-1421
-1155
-583
262
295
71
-137
-459
-434
129
649
1012
1567
2141
2816
2915
3361
3641
3588
3550
3367
3611
3491
3241
2952
2387
1686
904
663
503
-38
-549
-917
-1566
-2223
-2546
-2659
-2631
-2843
-3434
-4046
-4433
-4313
-4067
-3711
-3418
-3436
-3388
-3364
-3237
-2631
-2006
-2030
-1614
-1305
-1117
-784
70
1217
2195
2683
2648
2258
1802
2114
2551
2869
2746
2506
1980
1638
1400
1381
1356
1543
1399
715
-126
-835
-1183
-1327
-732
-591
-729
-991
-612
-270
238
852
1020
1133
860
482
679
950
833
722
305
24
-363
-62
580
942
958
1088
914
582
45
-39
834
1108
1185
1262
1683
1840
2129
2011
1247
720
155
-499
-1128
-1248
-1246
-1224
-1067
-1189
-1217
-1227
-1458
-1595
-945
-314
-706
-1466
-1799
-1936
-2406
-2254
-1841
-2182
-2336
-2102
-1766
-957
-394
-27
256
605
586
468
674
1251
1741
1789
1596
1278
965
738
857
1058
1434
1448
1333
1391
1462
1323
1026
930
1073
770
507
344
-305
-847
-632
-674
-928
-1258
-1935
-2211
-2229
-1759
-1314
-629
85
668
987
1476
1899
1903
1531
918
1034
940
199
-621
-514
-480
-390
157
618
1323
1896
1819
1305
870
145
-136
-358
-512
-706
-685
-380
-892
-1476
-2012
-2127
-2435
-3124
-3552
-4297
-4733
-4425
-3630
-2702
-1941
-1588
-1493
-1116
-262
730
1856
2790
3001
3120
3081
2972
3107
3390
3429
3727
4229
3884
3066
2076
1585
1601
1170
691
664
159
-711
-1406
-2039
-2375
-2627
-2030
-1403
-694
167
870
1357
1204
1159
484
-51
-307
-530
-820
-1183
-1604
-1714
-1408
-1557
-1500
-1426
-1432
-1589
-1501
-1144
-1188
-1039
-888
-848
-500
450
1187
1999
2613
2604
2074
1324
818
-155
-408
212
773
386
304
243
83
-188
-513
-598
-671
-799
-1192
-1161
-1695
-2208
-2549
-2519
-2867
-2721
-1849
-1116
-269
297
120
20
616
840
944
1359
2068
1928
1735
1645
1176
677
269
188
-105
117
632
1089
1403
1178
943
437
-230
-438
442
1211
1479
1243
550
-170
-650
-428
-411
29
385
76
-247
-584
-715
-960
-1115
-634
-262
-74
19
-18
-156
-359
-689
-615
-262
70
922
1290
1345
1106
830
472
-329
-390
-116
-567
-760
-401
-569
-790
-505
-267
-63
175
204
327
83
-183
-528
-714
-484
-843
-978
-776
-581
-253
-253
-707
-1711
-2605
-2934
-2679
-2153
-1251
217
1252
1599
2008
2565
2378
2101
1900
1801
1961
1859
1817
1972
2001
1806
1605
1691
1849
1397
683
269
-305
-1032
-1651
-2047
-1773
-826
109
748
1448
1600
994
110
-1129
-2559
-3285
-3773
-4126
-4063
-3636
-2857
-1907
-791
-122
174
532
799
563
603
573
84
-232
-221
-7
810
2321
3159
3180
3194
2801
1232
-90
-476
-499
-477
-262
317
24
-629
-813
-649
-387
-407
-453
-1096
-2254
-2562
-2510
-2582
-2754
-2438
-1844
-1336
-537
427
1829
2403
2538
1866
1079
180
-376
171
604
1049
1568
1923
1924
1810
1226
1061
942
1267
731
-34
-418
-1090
-1801
-2198
-1588
-1109
-1090
-1254
-1189
-1178
-1284
-1854
-1628
-1499
-1235
-622
-171
510
1245
1416
1177
1410
1161
686
211
446
516
337
206
405
449
358
343
11
285
428
123
-718
-952
-1280
-2078
-2390
-2163
-1689
-1114
-411
661
1557
1453
1573
2030
2062
1317
1216
1185
717
1
-262
-505
-1073
-611
-1
263
210
295
-124
-551
-799
-1093
-1484
-1340
-1015
-417
470
1163
1836
2296
2508
2070
1982
1710
1383
978
1020
604
460
735
690
594
920
1491
927
845
624
7
-719
-1150
-1423
-1648
-1746
-1616
-1557
-1286
-672
-463
-554
-826
-1143
-1368
-1607
-1661
-1398
-1780
-1774
-1250
-1324
-1279
-403
256
276
338
680
598
299
305
179
-11
415
736
850
895
778
841
707
846
1096
1251
1122
848
535
204
-333
-195
-191
-893
-1014
-799
-460
-92
693
618
-291
-980
-937
-755
-819
-239
-317
-593
-323
-51
425
646
843
1065
956
687
607
632
287
49
-311
-716
-909
-895
-464
96
1001
1787
1489
1266
1560
1169
530
-143
-481
-857
-1277
-1395
-1494
-1301
-777
-377
-176
-312
-806
-794
-814
-682
-1026
-1209
-1169
-1021
-452
240
1249
1845
2285
2153
2158
1666
963
292
-374
-702
-911
-773
-564
-84
431
961
1182
1023
801
779
298
-354
-852
-1141
-1490
-2113
-2005
-1520
-717
212
