5170
3639
5271
9057
9823
8453
9565
14049
14074
10661
10910
11614
12452
12919
9816
8706
7651
9912
12740
8911
4859
4703
6405
6112
3845
3911
3402
1310
1605
-610
-53
-1097
-3845
-3093
-6858
-6134
-7913
-9211
-7866
-9094
-8276
-10476
-11406
-11847
-13264
-14826
-13296
-14571
-15644
-10887
-8451
-7287
-7588
-9015
-6862
-1415
173
1434
5655
3591
3729
8360
7127
10045
9504
3809
10177
11814
10435
13363
13089
14155
13731
13438
9990
7935
10721
10866
11236
9677
8673
6936
4709
4510
2791
1939
573
1229
-1509
-2595
-2342
-3105
-5360
-8122
-8386
-9328
-9429
-8574
-13084
-13708
-9092
-9918
-8377
-11490
-10762
-8393
-5230
-373
-2140
1273
4107
3398
2175
3328
7882
3793
2732
4748
5110
2555
3807
2731
3170
1471
398
-459
-422
-713
-2345
-984
734
-1016
-3899
-913
-3282
-1187
889
1016
-583
996
1297
-659
-268
-2570
-3393
-4243
-3209
-3287
-3217
-3993
-2633
-1515
-3316
-3033
-2566
-2355
378
1185
3770
8086
4585
6587
8645
8809
8369
7258
5556
8074
10420
8641
11974
12092
10810
7624
7171
7531
7368
5930
5060
4749
4889
4108
8
505
1607
1185
-926
-2017
-4722
-5743
-6358
-5619
-7495
-9324
-8595
-12162
-9102
-11456
-13269
-13474
-16154
-14163
-11876
-9040
-9501
-12551
-11056
-6673
-9224
-5513
-3431
-4819
-17
-377
6768
9232
5457
6914
10053
12681
7985
7339
13262
15226
13037
15481
16452
14038
11212
9550
9041
9718
8412
7851
7145
4692
4905
4704
4614
1697
1219
589
-2021
-3244
-4892
-4789
-4747
-5905
-4464
-7065
-9561
-8396
-9766
-11272
-11669
-10757
-12031
-9508
-8935
-9784
-9289
-9026
-8137
-7571
-5727
-5548
-5546
-5144
-5544
-1186
2584
2495
1085
255
2060
2407
5029
3888
3899
7454
6684
7524
9832
6691
7111
8811
7914
9498
9912
6371
4779
8498
6976
5155
3649
3729
2748
2289
2230
834
2044
1435
2896
1484
-1137
133
-1880
-5326
-4381
-3338
-4708
-4877
-3419
-2549
-3152
-3674
-5244
-5748
-4012
-1333
-1520
-5996
-2199
3343
4535
2581
4550
5191
840
53
2534
7056
2647
1878
5061
3871
978
20
-1622
-3126
-2363
-4323
-3979
-4759
-5889
-4086
-4185
-5014
-3131
-4479
-9513
-9892
-7039
-5504
-5706
-2673
-1952
-1649
-591
-178
1680
1156
1835
1865
2481
1124
1058
-755
-629
689
901
1577
1671
3888
7413
5416
3194
7463
10067
11561
6786
7574
9223
7370
7443
7528
7702
6102
4719
7158
4528
4957
4189
-148
1844
2214
-3
-4795
-5205
-3161
-4443
-5934
-3395
-3497
-5540
-3507
-4425
-3991
-2684
-5193
-5895
-6177
-7112
-7129
-6914
-6795
-8483
-8468
-8805
-6534
-8226
-9299
-9586
-10513
-9429
-7729
-7654
-805
2575
-627
1355
5084
8272
7739
8704
12390
10957
8445
8229
8214
8433
7618
7150
8495
8538
7803
8821
8461
6202
7510
4822
-1069
1426
1895
31
-1188
885
2118
1323
1396
1649
1746
-213
106
-759
-1011
-1113
-1825
-4392
-2386
-314
-2783
-4528
-5860
-6128
-7759
-7683
-8176
-9001
-7813
-8787
-5281
-1168
-4954
-4626
-713
-1894
-1808
-799
-1222
-260
-270
-1085
-3840
-964
474
199
-4337
-3479
3932
596
2195
3310
1644
2641
-499
2372
5103
5857
6912
7602
9284
7168
9144
9541
8762
9247
8409
3392
3501
5795
5770
4699
2267
1351
2689
-1725
-7925
-4521
-6835
-4237
-4767
-8286
-4494
-4201
2445
-2407
-7335
176
3366
2097
2448
3219
2442
-362
-247
-1563
-4500
-4390
-3409
-1430
-2006
-852
63
289
-574
-1764
288
-3563
-4347
-2556
-1195
-1940
-2458
906
-539
-2486
-1508
-1433
-4109
-8565
-2829
-188
-2448
2838
1061
2081
3971
1746
943
-439
813
486
336
664
-718
-508
917
-181
3209
5662
3227
3655
6362
8445
5900
4171
3253
4453
5952
4027
3935
3202
3867
5974
4547
3649
4587
3752
3648
6274
7637
1802
-1411
2275
3414
3477
2416
3139
1680
-999
1007
1327
-566
-2220
-2563
-1574
-1736
-5718
-5957
-6450
-7330
-7557
-9356
-8823
-9826
-8609
-10960
-15639
-16679
-11966
-9182
-8177
-7866
-10865
-5881
-6685
-3542
-1515
2447
3512
2563
3707
6745
9553
5898
6029
6795
8351
6725
7301
9942
11987
11192
13330
12884
9627
7720
9097
8475
5279
6208
8324
6520
2510
3908
3144
3968
1388
1487
1693
-61
-1345
-3105
-2810
-3508
-4040
-4624
-6989
-7219
-7876
-9714
-9492
-9715
-9644
-9210
-9836
-6111
-6922
-9540
-7912
-3689
-6218
-3864
-1907
-4520
-2432
-4050
-1165
-63
719
682
195
2126
3475
4941
4550
4157
7419
6959
2821
2208
3726
7592
8213
8629
10164
8557
7683
9087
7716
6652
5888
5941
7407
5756
5569
3847
3366
2069
412
-1036
-2279
-2475
-3836
-2062
-6463
-12070
-11802
-12064
-3980
-1886
-6858
-6916
-3666
-1998
-4366
-4028
1328
1112
2499
5409
5354
6126
4496
4744
4538
4532
4530
3385
4325
2094
4679
4039
-378
1265
-154
-2291
-2700
-1691
-1868
-2810
-2641
-2367
-2881
-4041
-3966
-3753
-4861
-7553
-9064
-6891
-7145
-6962
-4101
-3753
-6024
-4712
-4968
-5317
-4904
-4925
-3170
-5640
-3231
1165
3053
565
1244
7208
7234
6056
6643
8313
8329
8857
10878
11811
15058
13365
9249
8904
7924
11464
10694
8503
10561
7711
4393
4343
5770
4396
1893
3248
2501
2053
1285
-814
-961
-2170
-2446
-4677
-5598
-6294
-6598
-7452
-8812
-10253
-12180
-12764
-14591
-14717
-14128
-16205
-15796
-14826
-14262
-14745
-16911
-8843
-7557
-6357
-2974
-4506
1363
1107
1062
6316
8543
10349
11674
10123
9794
12354
12853
13844
13525
12521
11875
11369
13946
12437
8450
9525
11393
10045
7894
5646
5398
5587
3466
2904
2669
-1654
-913
-369
-1475
-1480
-4900
-6472
-8234
-8798
-8753
-9594
-9838
-11770
-10479
-9564
-8728
-8989
-9320
-7517
-9391
-4340
-3134
-5489
-2654
2056
3503
2530
2695
1745
-2531
-1859
2077
2220
4487
2813
3099
2494
5372
5364
4146
2777
4099
2228
-4932
-1657
2365
3524
2992
505
1013
4158
2889
1619
3698
2131
2953
810
-28
18
435
1883
-640
-372
-1424
-2827
-2676
-3392
-3954
-2945
-2937
-2804
-1290
-3969
-1590
2832
-1864
-107
5099
6163
2265
163
5778
6287
5009
5975
7257
7916
4475
4477
5774
4006
4317
3134
2749
3406
2703
3102
-427
-2851
-3339
-2844
-4131
-3750
-5809
-8371
-7635
-7376
-7366
-10659
-6421
-8969
-10430
-11044
-10786
-9070
-13868
-12205
-9288
-6961
-6608
-3117
-3771
-3595
-3142
-2386
-53
-84
2449
7309
5162
1100
8419
11731
11435
11804
11936
11737
10705
11705
12316
12937
12857
11709
11076
11054
9552
8324
7091
8446
6725
6954
2554
554
2978
2696
-144
-1112
-2169
-7190
-3885
-3410
-3559
-4084
-6611
-4582
-5619
-6020
-6094
-7663
-7717
-6907
-7396
-6504
-7099
-8452
-7826
-8256
-7049
-7843
-7045
-8875
-5211
-3582
-8138
-3166
787
-1574
818
2407
-2789
2678
1223
2429
8160
9016
8304
8501
11631
9223
10644
9651
9633
8591
8630
7823
3762
4330
5123
2603
3061
3997
2412
1005
-1208
529
1484
-387
2136
2430
-2182
-2085
-2089
-2297
-2897
-3136
-2677
-1786
-1018
-2872
-3282
-6473
-7108
-6668
-5299
-4481
-4600
544
-1782
-1708
-323
534
3198
266
2376
1735
-272
255
-335
217
87
-1275
-1557
-1115
-1143
250
121
-1646
-2441
-2496
-4724
-4436
-4731
-6905
-2717
-1277
-2789
1755
734
-2765
688
3445
3619
3588
5671
6043
6424
7889
5988
5343
5123
3863
1962
3037
2751
1749
875
1188
1301
1238
2447
7467
2169
1139
5134
4249
5327
4215
4671
1383
-55
3038
2747
295
2084
3890
2489
871
-777
949
-744
-2514
-1016
-3012
-7829
-4988
-4421
-5890
-4036
-6495
-4347
-3424
-4336
-3374
-3903
-4645
-4343
-3745
-3256
-4687
-3259
-6637
-6135
-6441
-4062
-4717
-10208
-4520
-6322
-5683
-4047
-4709
-2150
-1008
388
3659
6187
2853
3920
7523
7788
7831
8006
10504
10468
9191
8255
10703
8729
7287
6547
5277
6504
6967
3827
3266
3533
2290
2957
612
2052
4421
3388
3257
3077
2862
2711
559
690
617
1518
2780
-2586
-1341
-565
-226
-187
-1874
-3517
-4609
-5673
-7066
-6558
-8050
-9098
-9471
-9017
-8068
-8331
-3957
-5448
-9313
-6112
-2674
-5393
-4660
-2650
-901
-3465
-6817
-2620
-1413
-894
4067
4033
941
2149
5226
3113
1460
4221
7573
8272
5536
7539
11235
9749
9012
8651
8685
8151
7853
7258
5518
6355
8028
5501
5160
3765
493
540
-1214
-2835
-1900
-4028
-3448
-5187
-4059
-4085
-5814
-5276
-5693
-8425
-5552
-655
-5610
-6305
-888
-669
-4350
-1748
-1607
-3065
-1539
-1586
-605
-1607
-3346
-4444
-3898
-2913
-2640
-1106
-1588
-1162
759
759
-3476
-2585
2538
3242
2025
694
-667
-309
2295
5356
5753
4243
4640
5695
6621
5781
6429
6911
5074
4557
3140
944
1851
2273
299
-459
-1733
-347
-1858
-2444
3391
-127
-2228
2306
1525
-2087
-2898
1385
645
-1503
966
289
541
3375
1271
3615
4868
1346
1110
1680
5161
4089
2090
1294
-820
591
-2630
-2567
3359
2446
1388
976
-472
268
-675
-2782
-4295
-4791
-5996
-6638
-6204
-6456
-6741
-8340
-9929
-9520
-8658
-13326
-13821
-12275
-8611
-8000
-6675
-5532
-4732
2003
-3433
-2538
1610
1212
3496
3305
3271
6373
6648
10744
12785
9988
10146
10614
12645
11791
12734
12364
12337
11671
11450
8208
2058
4379
7219
7355
7339
6991
6438
4899
2356
2940
3132
1293
-304
-3102
-3919
-2391
-3274
-3977
-3981
-5303
-6804
-8150
-10663
-10439
-11397
-12733
-13720
-13540
-13453
-14169
-7715
-9315
-10693
-6582
-4802
-5652
-5822
-1971
-3869
-6476
-989
2461
4474
3041
2491
5511
3652
6211
10178
8842
6951
7341
9638
9748
6830
5966
9252
10004
10366
8875
9992
8444
6433
8446
6672
4856
3420
2070
45
943
895
1109
567
-3476
-2976
-5452
-8760
-9947
-9801
-9981
-10815
-10266
-8999
-8156
-7535
-6915
-6279
-5387
-1416
-725
1053
-1628
1206
5752
393
2991
4754
5537
6057
2731
2318
1482
4145
5048
2418
2860
2164
1013
-500
-4724
-1193
-1284
-1317
147
-160
-468
-5068
-2452
-1152
-800
-118
119
674
-2821
-863
1397
-253
-852
-161
-1975
-2710
-2330
-5280
-4053
-2864
-4959
90
-1225
597
5492
735
4253
5358
6826
6481
7703
9046
4301
5030
6704
7706
8194
7249
8019
7572
6913
6062
2650
4064
6066
4092
4205
4755
1761
-45
221
-913
-1725
-1944
-5308
-6883
-5706
-5051
-5691
-6465
-6615
-8288
-9544
-10167
-13880
-12646
-11791
-13406
-13548
-12253
-14055
-13450
-8545
-12868
-13508
-9150
-7180
-5080
1960
118
1441
7622
8399
11317
10115
11461
11373
10945
12930
12306
11338
12136
13144
13205
13437
13488
13351
12710
12476
9945
10003
9718
3924
3253
3300
2823
3345
2872
2571
193
-94
-2059
-3966
-4463
-5332
-4779
-5810
-7387
-8555
-7601
-8267
-10225
-9121
-8807
-9835
-10085
-10066
-11156
-7797
-7170
-6034
-3189
202
-2766
-3449
1054
-13
323
524
2435
-726
-2493
112
1241
1462
3800
2228
-2387
977
1793
5144
4412
3986
6800
8079
6633
1344
2508
4899
2653
2893
4375
2883
1632
2075
3605
3497
2557
1359
34
424
-1668
-3646
-959
-1973
-1855
-565
-4873
-4171
-3121
-4161
-3792
-5395
-3130
-878
223
2111
2510
1358
1849
6268
6575
4173
3996
2401
2432
4191
3562
3525
2477
2445
3215
2197
2457
2213
494
91
-573
-1627
-1613
-5159
-7272
-4021
-4290
-5478
-6033
-7361
-5757
-4274
-6238
-8849
-6275
-5711
-3763
680
562
53
-176
-1085
576
3549
1634
1495
2394
2283
2640
1822
1875
3169
4302
8985
9649
6092
7737
9331
9829
6290
9783
9655
7231
6389
5522
6351
3623
6479
5249
3751
4311
2965
1398
-1645
-807
1627
-226
-2820
-6481
-4979
-2009
-4679
-4173
-6337
-7779
-8066
-7707
-6127
-6717
-5547
-4624
-6078
-5937
-6365
-6275
-5500
-6469
-8557
-6383
-8053
-7854
-8845
-9597
-6375
-7795
-8056
-9469
-5614
-1519
-1290
409
3187
6654
7058
7469
8832
8813
9219
10736
10232
9902
8750
6662
9029
7550
6657
7778
6810
7618
6285
5748
7330
3607
57
3179
215
1402
3186
732
1232
353
494
340
280
1068
1269
1685
1285
1679
2641
-1753
-3646
-2718
-2967
-4885
-6046
-6598
-7123
-6791
-5139
-5847
-4536
604
-3722
-3597
-381
-491
-1057
-2619
-1373
-3044
-2604
-1465
-2707
-1232
-2009
-3981
-4012
-3424
-3384
-3964
-3116
-3012
-189
1073
-2032
-5470
1634
5069
4285
6512
8229
7482
5995
6619
6734
6528
6137
6310
5564
7068
5799
6707
7130
2774
2178
197
-171
-448
-3008
-2383
-3631
-3121
-2572
-1331
-432
1952
1860
-4961
-744
978
373
-214
452
1980
205
2972
1903
931
1139
-2658
-1186
-1113
-3419
-4053
-2894
-1511
-5526
-3691
-4157
-5902
-3567
-2207
-2577
-3161
-463
-595
-918
-1515
-564
-202
-3179
-5774
-2497
-672
-190
1321
2287
1213
1259
670
1
1520
1181
-423
-407
-603
194
827
3220
6552
4683
4245
6568
9615
7673
7670
7073
4012
3729
3346
3710
1553
988
1025
2383
3516
-50
-1055
3582
3448
1475
693
-944
415
1800
2361
2843
3844
3969
1430
-1575
-1347
-645
-991
-24
-1498
-3042
-1978
-2337
-3828
-4095
-4610
-6555
-8208
-9313
-8791
-9573
-10376
-10159
-10521
-10666
-9901
-9128
-6360
-4483
-10211
-6310
-887
-1728
1315
1896
2325
2789
4684
4490
5571
7072
5096
8277
10063
9550
10039
10260
9754
9849
10020
8341
8730
8341
8984
7260
3966
7566
7566
5321
5503
3504
3656
4145
2044
2283
2002
1250
748
395
-450
-2468
-5997
-7070
-6852
-7811
-9010
-9559
-10022
-10230
-8037
-7641
-3109
-5174
-8441
-6989
-3438
-4158
-5761
-3050
-5717
-5440
-4491
-3449
-1589
817
-538
151
-830
-2193
738
3212
4499
-737
1296
2279
204
2862
5127
6155
6340
7415
6844
7855
7268
5262
5786
6163
6618
4976
4141
5548
4145
4120
4214
2674
2322
-6
-1353
-4813
-6124
-5378
-7509
-7096
-6572
-6441
-3752
-242
-4743
-4435
-197
1844
280
-1931
2098
1218
3305
4814
4480
6670
6498
5988
5686
5022
5047
3874
1253
1508
3642
-484
-848
613
158
-451
-2470
82
-2649
-2984
-2659
-4227
-2902
-3894
-5023
-4493
-4006
-2851
-6966
-6392
-4246
-6868
-4522
-5247
-3977
-6255
-8706
-5724
-5537
-5034
-3453
-3070
-124
3918
1377
-2476
4972
8577
7238
8634
6449
7797
7851
8850
10128
10539
12978
11146
7526
7924
8373
7554
5699
5387
4935
2063
1579
4147
3923
2145
1742
997
1375
-676
-536
541
-1189
-2349
-3692
-4746
-5393
-7152
-8359
-6802
-8841
-7402
-10328
-10817
-9763
-14083
-13878
-16028
-16217
-15101
-13720
-13990
-12806
-7668
-4420
-8045
-2961
2424
1326
2351
4166
7516
7346
10257
10316
7117
11391
14340
14548
12465
10481
12124
12698
13303
12331
9617
7847
9404
9902
9269
8830
8630
6451
5300
4559
2984
2469
241
275
-270
-49
316
-2813
-4274
-2801
-5171
-6355
-7420
-7582
-7206
-7860
-10209
-13546
-8315
-6323
-8141
-4299
1399
-2931
-4648
2934
5402
4512
3480
1789
-1376
2248
4060
903
1878
2219
952
1353
2427
2939
2857
775
1052
-1004
-4738
-2348
-4767
-5980
-1582
-71
387
1362
1470
226
442
-1152
-1096
-387
-2520
-3520
-1197
-1734
-2277
-1946
-2000
-2279
-2971
-2509
-5408
-2902
-1737
-3856
-2826
-2881
-2953
400
4716
4099
1502
6054
7622
5977
7844
7465
7860
6294
8101
6213
7171
6956
6366
5955
5293
4966
2738
2563
2864
2092
-3321
-3498
-1222
-1480
-3342
-4044
-5092
-5796
-4841
-6874
-8349
-9423
-8798
-9157
-9085
-9596
-9839
-10931
-10491
-10110
-9578
-8470
-11643
-8742
-5063
-6173
-2264
-1085
870
-1027
-687
6485
3102
4261
8217
8843
12309
12719
12122
12819
13265
15001
15643
13686
15092
11968
11725
11504
8899
7878
6682
4266
5668
5740
-115
792
1743
40
-208
-1128
-2749
-3397
-4274
-4409
-4442
-5039
-6285
-7318
-6421
-7325
-7705
-7231
-6945
-6204
-6570
-6606
-6458
-6904
-8135
-6623
-8214
-7655
-7759
-9254
-8759
-6194
-2851
-3860
-4096
-369
304
-147
1063
548
3149
474
-80
6299
3963
6763
8399
5435
7402
6352
6812
5960
6838
9235
3848
3264
6650
6330
6080
5711
2711
4411
3145
858
564
-1004
-1737
-156
2446
364
911
1010
609
993
736
197
456
762
-1163
-4819
-4829
-2078
-1765
-2199
-810
2013
-555
-2414
-3
4946
4432
4244
4590
2259
1345
4228
4279
4826
5042
2156
-62
-235
-2638
-2241
-3427
-3077
-3975
-5689
-6807
-9003
-7389
-8785
-7652
-6327
-8864
-9640
-7190
-7112
-5544
-1558
-2788
-504
-73
-255
1545
2607
4666
6485
6213
550
-216
1587
1557
434
458
1083
1261
3818
3137
5190
5566
2620
17
6078
8254
7523
7846
6492
6363
5241
8703
7537
6450
5233
4296
4329
2893
2412
786
1475
1264
1496
-4690
-5942
-3358
-3950
-4136
-5716
-4547
-5481
-5849
-5822
-5186
-4376
-4904
-4379
-2285
-2185
-2872
-5625
-7416
-6137
-6765
-7177
-9032
-8342
-6407
-6603
-7744
-5079
-2545
-3892
412
4924
3067
3528
3350
6791
6465
6094
7762
7655
8758
10195
9616
10645
10724
11065
9007
7601
7714
3752
4376
5118
4211
3927
1426
-704
1710
3879
3129
156
429
2089
289
130
1085
147
1638
1558
-3089
-2573
-462
-1174
-1226
-451
359
-3629
-6960
-5847
-7356
-8241
-7995
-8960
-7677
-6763
-5751
-2250
-2018
-5590
-4792
-1556
-2246
-3582
-3513
-1723
-1757
-1079
-2574
95
2536
-2984
-1523
-1759
-913
1797
781
1252
2280
4725
5594
3050
6579
10251
8178
8114
8134
7778
7755
9659
6819
3638
5589
7147
4497
3918
5699
5020
4236
1260
1529
1311
-844
-1974
-1667
-2060
-2786
-3246
-1818
-2347
-1581
1694
-765
-2611
876
2926
428
-1417
109
1989
122
2770
1432
81
1500
-1188
-1875
-3567
-2535
-4108
-4523
-387
-1570
415
-1363
-3353
-1017
-2101
-842
-3114
-292
-5207
-6118
-821
-3584
-2992
-5436
-3872
1802
2487
498
1428
1680
1387
-1011
1066
737
-997
-3461
-3105
-947
378
1923
1211
-797
3787
6361
248
207
3826
6506
1687
2161
2917
3244
7707
5970
5964
5791
4058
4124
5372
5829
7134
6420
7354
7364
7083
6283
4076
1257
-1947
546
1518
291
-1255
-1841
39
-565
-1305
-1922
-3097
-3551
-5033
-5302
-6485
-6904
-7290
-7554
-8295
-10259
-10075
-10385
-11598
-12636
-10549
-9783
-10767
-12223
-7537
-5484
-7451
-1173
1847
4131
2556
4243
3176
1523
5349
5893
7144
10182
10828
11059
12024
11843
11608
11505
13481
13854
11001
9159
6998
7648
8278
7081
5509
5030
5293
4055
1433
607
-47
119
-217
-1009
-1841
-3380
-3032
-4094
-5158
-5775
-6357
-6752
-8358
-9485
-10554
-12341
-11368
-13377
-10854
-13681
-11682
-5345
-5930
-10057
-6339
-1557
-4969
-3944
-2968
-4114
-3991
1326
964
2711
3364
2508
6034
6104
1339
-1174
6089
6822
8050
10787
6817
5376
8966
8295
7331
6952
7962
7952
5209
5658
5628
3757
3818
3608
2872
2410
2354
621
844
-462
-1320
-2408
-3825
-6594
-8995
-8486
-10067
-6300
-5773
-7687
-5445
-441
-1927
-5062
685
2470
2159
4333
6051
2491
3045
5280
5704
7008
7237
4034
4024
6261
4711
4437
3062
3880
2240
2564
117
-1809
-157
-2129
-3322
-4762
-2684
-4936
-8021
-7705
-5199
-5973
-7296
-10445
-8181
-3340
-4608
-1045
-3573
-4634
-6791
-7995
-7004
-7513
-6921
-5898
-4802
-3240
-2272
-2021
-310
3609
4942
3227
7540
8106
9439
9128
11814
12363
12079
10457
6531
11724
10637
12091
11166
9357
9765
8760
8331
8049
7992
7210
6566
879
1469
2612
1759
809
-2282
-3124
-3565
-4979
-3903
-5190
-8116
-6329
-8756
-10379
-9372
-10352
-13101
-13359
-12707
-13756
-14234
-13205
-13352
-14522
-13291
-11871
-11174
-9444
-6018
-1343
-4874
-6500
2301
4632
6787
10251
4696
6355
11564
9801
8367
8817
12018
13186
12872
14373
14054
13995
13299
12367
12912
12734
11273
5788
6096
6674
4235
2838
2069
820
-2332
-498
-117
-3444
-4739
-4159
-4605
-6382
-4774
-6241
-6866
-6489
-8404
-8812
-10685
-9313
-9288
-9646
-8600
-8880
-7571
-6290
-5586
-2656
964
36
-4530
714
4860
2092
4482
3002
-305
1834
4312
3060
2017
2481
3003
2144
2815
3214
3317
-1558
-1889
3247
1201
-191
316
1953
2259
2162
3377
2068
1493
1985
-289
69
348
2065
779
-1358
-89
-1336
-518
-899
-1888
-171
-1978
-2362
-2239
-2188
-497
-1954
-1485
824
-1736
260
4097
1399
5984
6770
6180
6475
5597
4782
6248
8058
6095
7948
4949
4188
4477
4911
2625
1866
1062
2457
606
376
-3807
-5476
-2520
-4534
-7476
-6638
-4350
-8693
-7877
-8751
-10777
-7592
-10954
-10275
-11114
-8867
-6338
-11917
-7871
-3598
-2614
-682
-1514
-1702
-1656
-426
-601
-4296
-732
3512
1653
6465
9251
5628
7490
11251
12029
11181
11420
9811
9229
10156
10815
11372
10335
9206
6612
7801
7544
6957
5769
4009
6200
5533
-873
-2233
-300
-1053
-2023
-2583
-1230
-4040
-5763
-6467
-7292
-8079
-8535
-6531
-5560
-5399
-5672
-4467
-5165
-4919
-6454
-6930
-5045
-11112
-9775
-8858
-9513
-8184
-9775
-7845
-6129
-5302
-4438
-4808
1782
1046
-750
6329
1468
4901
8293
8028
9422
9225
10103
5280
7801
8426
9503
10654
10357
8474
10026
7497
1202
6561
6057
3749
3452
4080
4940
2931
2032
1279
-1265
98
-787
-989
-400
-1475
-275
-995
-11
-5008
-6624
-1726
-5136
-5720
-5949
-6440
-7626
-7535
-4854
-5398
-4119
-1246
-2107
-4500
-861
2971
348
1202
270
-1785
-195
305
1176
144
-196
-993
-2083
-2118
-122
-2198
-4702
-4539
950
-1897
-9492
-4037
-1795
-1702
297
2769
3207
3363
4341
4220
4756
4810
5109
7067
7453
8686
3703
2695
6653
3209
3543
2504
791
1216
-453
-1084
61
1553
440
-2038
1514
2254
512
2208
5735
4738
3991
5354
4513
3279
3702
6727
3270
4037
2008
-807
-2438
-2726
2311
516
-1464
1164
2662
-2528
-6512
-4853
-3574
-3641
-3737
-1294
-2080
-3101
-2080
-2967
-1774
-3254
-3774
-7713
-7256
-5621
-7219
-6304
-9406
-8151
-3691
-5973
-5628
-4059
-3942
-3016
-2856
-934
-461
-503
1833
3121
1646
3722
7073
6427
7104
10050
8608
6425
8226
7307
6582
4197
4529
6126
3965
3942
3515
5556
5650
5464
8611
3730
-822
3523
3939
4810
2540
1765
3785
4649
3838
-2541
315
225
-962
-219
-2823
-2845
-4372
-5343
-5735
-7251
-7711
-8524
-8570
-8574
-9230
-9852
-10721
-8508
-9905
-10217
-5120
-8152
-9775
-3304
-1803
158
-1872
-2729
806
1154
3313
5480
5751
5503
6668
6673
6255
5515
7707
8863
7662
9996
11296
9044
10634
13111
12851
11422
11779
9371
7087
8476
6509
7326
4410
4932
3421
6
2754
849
1012
105
-276
-1502
-4174
-5835
-8475
-7353
-8521
-10774
-10923
-9297
-9951
-11347
-7436
-3057
-5553
-4795
-2093
-700
-657
-3095
-2139
-4777
-3743
-3768
-4857
-3873
-1989
-534
-206
-949
637
1851
1741
3398
1765
1487
-2255
-2481
-510
1298
4971
5477
7324
3825
5787
4959
4889
5736
4249
3936
4179
4546
4064
2336
3602
2424
287
117
-1821
-2166
-2229
-2805
-2869
-2765
-2534
-1249
745
-3662
-2836
3108
4281
1087
2080
2462
2235
3108
4387
6309
4617
5161
5296
5124
5892
4662
4170
6142
7134
7199
1326
-1563
3282
3170
1393
634
461
743
-343
-984
-1870
-3196
-4288
-4465
-6460
-7889
-4989
-8724
-7617
-7381
-8089
-9517
-13361
-9549
-10506
-12163
-11396
-6636
-4525
-5836
-5486
-2705
488
-2922
-5428
2327
6820
5335
5927
11575
11836
8703
10081
12711
12583
10174
9818
11398
11442
13684
12659
6046
9523
9799
8131
4460
2724
6352
5301
3741
3709
3930
2591
2514
1319
-311
-1947
-3205
-4081
-5017
-4516
-4596
-5949
-7717
-8766
-10510
-11355
-14274
-14084
-13842
-15129
-11823
-11671
-12630
-10872
-7061
-7093
-9543
-4882
-3015
-2706
-3200
-866
2035
-923
1474
9158
8853
8890
11440
12151
8451
10186
13949
11250
9517
10972
13455
9256
10323
11293
13191
11094
6918
8933
8191
9167
7438
6415
6448
3463
1038
-252
-2190
-2281
-4596
-4985
-3937
-6497
-7376
-9307
-10464
-12122
-12265
-13158
-10270
-8815
-9260
-9574
-6530
-5786
-5696
-3453
-436
-199
-446
2291
-65
3873
7277
8095
4369
3658
6147
3118
5181
2833
1886
1355
218
851
2058
1689
-2848
-440
2220
1202
-5050
-4081
-1172
-2523
259
367
461
1157
687
843
275
-3316
-2098
-2143
-3596
-2096
-1608
-2450
-2583
-3439
-3313
-4002
-3854
-1983
-3718
725
4758
1367
2060
8335
7255
8220
10159
11386
5061
5628
10949
8592
8956
8246
8368
8197
7380
7581
7135
7268
6516
2501
3915
3459
-2561
430
2413
486
-773
-2722
-3129
-4786
-6424
-7317
-7904
-9188
-9686
-9029
-9566
-11204
-9634
-12169
-12827
-10663
-13672
-13582
-16992
-15368
-12390
-11348
-10522
-5005
-3451
-5644
833
3437
3465
10322
10351
3815
11404
11540
11044
11165
11844
13896
11488
12514
11457
12872
12411
11889
12605
11111
10245
9529
5104
5497
2781
340
4951
3140
2450
1446
180
494
-2949
-3239
-3772
-5434
-3521
-5043
-6363
-6135
-7582
-9342
-9515
-10539
-10205
-10518
-11657
-9361
-8560
-7241
-8365
-6716
-8746
-2957
-3587
-10748
-329
-806
-59
556
1009
1936
971
2997
4107
4760
1491
4240
6357
6442
9365
9918
8668
8961
9064
6746
4628
4388
3715
6425
6293
4815
3960
4755
4122
1310
3046
2170
-745
504
803
128
-687
-572
-837
-985
-1876
-4185
-5222
-5448
-4330
-5395
-4687
-6795
-2679
-2340
-8490
-2754
2888
1954
-1351
4102
7457
4195
3929
1827
4201
4429
1746
127
-866
1381
1156
2922
2891
2741
1662
-587
-277
-2417
-3860
-3424
-7916
-7359
-4023
-6948
-5056
-3092
-5736
-7352
-7545
-4795
-5391
-3899
-1278
-1041
146
-346
-229
1067
3171
3151
2216
533
-79
-765
383
2912
31
1450
2251
7871
7765
3759
7075
8825
8650
9364
7799
8256
5231
5467
6500
6332
6368
5103
5717
3995
3937
3757
2166
4032
2901
1070
81
-8914
-5456
-2280
-6014
-5240
-7145
-7432
-7363
-8572
-9064
-8517
-8308
-6023
-7813
-7072
-5527
-4851
-5993
-8207
-7711
-12841
-11351
-11442
-15118
-13041
-10884
-10581
-15073
-10630
-4248
-1991
1261
236
723
5269
5857
2618
2363
4779
4567
5542
7880
7932
5774
7114
7432
8130
7656
5157
5601
2197
4022
4215
3206
2928
-2811
-148
97
680
-501
-1197
-673
-904
-391
-1820
-2418
776
1883
-1159
501
-5400
-4953
-2457
-6291
-6273
-7689
-7904
-8332
-9292
-7953
-9221
-8241
-9345
-9855
-2808
-4877
-6293
-5053
-3497
-1499
-4375
-3525
-2811
-3898
-2140
-1984
-3613
-3306
-2775
-979
-2934
-3545
-541
491
2112
3423
3718
4280
82
-3852
1217
2015
3185
6259
5572
5702
6371
8258
8064
8540
4467
3794
7617
6060
6498
4316
1474
56
343
339
-3843
-5857
-7103
-4678
-2933
-8155
-6281
-5266
-2242
570
-4342
-4567
-455
-1102
-3480
-1829
-1007
-2035
-4041
-2178
-877
-1564
-3551
-2795
-1971
-3451
-4792
-4068
-2511
-3831
-2616
-3148
-5795
-7233
-2908
-2472
-3569
-2848
-3242
-854
-6818
-9449
-3182
-6092
-6549
-2164
-2452
-2426
-1170
-1
-980
-1187
-1593
-1252
-4221
-3465
-1742
-2171
-797
-3471
-3605
-1587
1306
1220
-3098
46
6631
4572
4645
3199
1741
3423
1059
3027
3383
392
2091
2185
2374
2762
2431
2401
2530
2526
4204
2607
-1346
136
-519
314
3733
-930
-115
1824
-496
210
-481
-3011
-3400
-3250
-5310
-4582
-6941
-6003
-5690
-8337
-11445
-12868
-10406
-13023
-16304
-14670
-13930
-14476
-15347
-13856
-6932
-9842
-9903
-3726
-4369
-1433
-251
-953
2337
118
1318
2682
3092
4555
4471
6752
6662
6748
8817
10472
9814
9027
9550
9712
6835
6280
4764
5793
6875
4863
5798
4133
2583
4503
3358
1268
1746
553
-15
-1163
-2355
-2989
-4865
-6496
-8103
-10560
-10742
-11119
-11786
-10365
-12329
-12356
-12878
-9184
-7329
-11201
-9381
-8091
-5465
-5668
-5875
-5718
-5673
-4486
-3292
-3014
-3070
-2513
-1590
-2915
-1052
-412
1962
2886
-426
5701
1784
1719
5012
3329
4768
4783
3523
4302
5390
5825
7102
6250
7478
7117
4953
4546
3461
2355
2884
1168
-228
-1650
-3586
-2428
-5468
-6913
-9598
-9228
-6984
-10849
-10033
-8365
-6011
-5908
-7646
-5418
-318
-1297
-4291
412
137
-1530
-310
313
1701
1364
1926
673
2025
1794
863
3167
3338
2671
2684
3296
-3440
-4023
-1927
-3836
-3694
-5063
-2891
-4536
-6795
-5294
-8453
-9980
-7583
-7843
-9232
-9580
-7561
-6463
-7602
-6337
-6714
-6681
-6080
-8770
-11343
-8802
-7930
-6894
-5446
-2975
1032
-334
1791
5238
6231
5110
5095
5393
6281
5843
7947
8479
9046
8892
6264
9106
9328
10724
9718
8913
8437
7589
7610
5415
1925
-51
3292
435
-2922
-688
-943
-1306
-2442
-2770
-3501
-4561
-5824
-7640
-8402
-8980
-10078
-9813
-11066
-13679
-15017
-17237
-16847
-16251
-15628
-16036
-16503
-18654
-17202
-13622
-11558
-12126
-10076
-6196
-5266
-1559
-1524
2843
5831
2916
2966
8729
9888
6974
6864
7595
11094
11097
12037
11328
11126
11782
10755
11255
7169
5609
7830
6955
6009
2821
1472
1146
-46
2356
337
-769
-1457
-2728
-3361
-5947
-6671
-8069
-8982
-9703
-10314
-10497
-11609
-12008
-12472
-11826
-11300
-13061
-11249
-8422
-7313
-8497
-4907
-612
130
2050
-3322
-2494
-760
296
2662
1051
1746
1110
2454
1400
2035
1449
904
-1092
3029
-11
-2500
-400
-3183
339
2094
4040
3640
2245
128
1605
1286
774
1110
752
695
-756
607
-934
619
-1614
-3025
-2707
-3670
-3970
-6477
-6680
-7663
-5862
-7373
-5945
-5111
-2844
-384
58
-2694
358
4761
3951
4169
6161
4609
3999
7685
4208
5017
3656
3402
3788
938
3785
2746
1515
3051
1036
773
-816
-5282
-8615
-5697
-5643
-6218
-6344
-6635
-8729
-11062
-8430
-10250
-9761
-10708
-11655
-13785
-13199
-12848
-15252
-11249
-9591
-10717
-8614
-6430
-6334
-4178
-3406
-3328
-1475
-2619
452
1578
805
5927
9097
9072
10559
11365
12968
10117
8655
11613
10316
9498
8416
8502
8499
8105
8158
7539
7114
7127
3886
5288
2484
-2299
-340
-2040
-1285
-4866
-4614
-5891
-9155
-4587
-5292
-6487
-6001
-7229
-8294
-8447
-9738
-10723
-12103
-11110
-9789
-10172
-10210
-9663
-8798
-11330
-12131
-11035
-10832
-8515
-5842
-5826
-7314
-3746
-247
-807
-355
-2726
1002
3761
5109
7138
6088
6580
5642
5865
5607
4843
5432
6442
6812
8145
7705
8133
6532
1952
2224
3491
2422
2678
3051
1400
-865
-2217
-2603
-2253
-2043
-2928
-1538
-2018
-4099
-2522
-5
-2794
-3100
-4000
-8212
-5887
-5657
-7996
-8010
-6157
-7946
-2671
331
-5062
-3891
-100
392
-930
803
514
272
1022
2056
-855
-1267
-2671
-2185
-1746
-1611
-3898
-4499
-4782
-3987
-4701
-6688
-5223
-8565
-11863
-7939
-5328
-5257
-4678
-225
-218
-1437
-1546
-3791
-1530
-1763
-2125
1286
4209
3005
4275
1336
1132
3616
888
1140
-1959
-972
-144
-1771
-733
-1289
1664
4003
2513
-1390
1987
6368
3494
0
2962
1791
-205
3049
894
1933
1695
-1071
455
79
1051
-1562
-1150
-2427
-5905
-2931
-2979
-6169
-7351
-9526
-6161
-5170
-6576
-6347
-7413
-7516
-7056
-7168
-7892
-8061
-5307
-6254
-7561
-6602
-7447
-5935
-6274
-9335
-9645
-7502
-5893
-6673
-4313
-4828
-2929
-1782
3066
6636
-227
2344
5679
6928
6667
5877
4998
6531
8734
9714
10459
8891
7331
6885
5895
5613
2964
2695
3673
2621
2032
1155
1354
-16
-2079
-1977
6
-628
-1079
-608
-300
-1958
-613
-2385
-5090
-3823
-3050
-3304
-4424
-3410
-2978
-4980
-6185
-8017
-10052
-11013
-10225
-11429
-12184
-12063
-11766
-8984
-7747
-6946
-10358
-8391
-3032
-6334
-8302
-5723
-6611
-4821
-4678
-4126
1677
-1882
-3671
-374
2415
3240
587
706
2794
1686
2177
1232
3846
6928
977
5542
9302
8916
7425
7323
7585
3756
6086
4717
4507
4083
5092
4192
3614
2578
-149
-511
-3678
-3955
-4547
-3688
-5174
-4358
-4782
-8570
-7353
-5029
-1922
-6107
-9863
-4048
-2760
-5086
-4098
-3820
-3609
-1476
-1892
-2133
-2040
-2382
-3257
-4063
-3227
-4311
-3177
-4224
-2719
-1781
-4130
-3151
-5320
-6153
-4545
-1586
-3320
-5380
-1250
873
1780
944
3002
917
-732
2194
843
1530
2722
3751
2027
2393
2510
975
-1361
-1431
-811
-2201
-2122
-3349
-5095
-2762
734
-2685
-4544
1464
2958
1412
1794
-370
-1689
1230
-1320
837
1150
-119
472
107
1512
-318
-1323
-2781
-2200
2438
398
-25
-2309
-4991
-561
-925
190
1942
-1385
-1896
-326
-1015
-2822
-2814
-4185
-5850
-6959
-8053
-9346
-8907
-9652
-10849
-12235
-10336
-11252
-12177
-11403
-14788
-11093
-10236
-12710
-3695
-1712
-7424
-4624
-700
-401
2444
3339
1234
3565
4942
6837
7909
7368
6003
5693
7916
6728
7136
9740
10787
8507
5122
7052
7081
3895
4570
4567
5331
4299
4906
5464
4243
3743
2984
1029
595
-1167
-4697
-3793
-3870
-4931
-4687
-6309
-5973
-7465
-8233
-10044
-11843
-12943
-13568
-12875
-14540
-13683
-12433
-10411
-11144
-12099
-8871
-5159
-7821
-6916
-5386
-5961
-3801
-5112
-2233
-2116
-702
-4689
-310
3016
562
5894
2046
4239
6751
8218
6698
5329
8340
9323
8699
6499
7379
6256
6303
5742
6535
4284
5447
5703
2087
1349
596
-104
-881
-1691
-3674
-4152
-5041
-4673
-6470
-7625
-8773
-10236
-10746
-11025
-7663
-6944
-9109
-6392
-1365
-446
-263
213
1189
1435
-511
575
806
953
-49
493
2530
1352
1114
1527
1884
606
-892
-501
-3033
-2034
-2454
-2492
-2219
-1306
-3123
-4289
-1759
-4010
-5863
-5509
-3768
-3840
-5783
-2708
-3409
-1895
-2416
-2650
-2593
-4222
-3240
-5508
-6187
-7167
-5011
-5782
-3618
-4572
-3503
2746
-1162
-1306
4211
5510
5121
5683
7423
6242
2146
5571
8790
10536
8133
5311
6156
6872
6949
3848
4014
5795
4812
1359
1436
2498
1888
-679
-1879
103
-2033
-5257
-5330
-4051
-4631
-5647
-5271
-6342
-8180
-8880
-9592
-12491
-13976
-15277
-15785
-15665
-15337
-14892
-15705
-16540
-16194
-13011
-13330
-14422
-8379
-5288
-6170
-3259
5034
5537
3841
6255
8420
8122
6639
9689
9155
9149
10867
11407
13421
13370
12420
10854
11642
12904
8723
3416
5272
4916
5096
4248
4206
4382
2388
1065
-89
1287
-784
-2545
-3120
-4498
-7548
-10351
-10552
-9153
-10833
-10728
-9772
-11792
-11708
-11854
-13233
-13054
-13872
-11708
-9940
-9801
-4676
-4957
-5938
-6051
-152
2952
-455
542
-1328
-3754
-2968
65
3582
1049
-1577
-1240
557
572
-5284
-106
2639
-888
4442
2727
1684
4561
3975
995
-743
1118
24
135
2229
3303
2794
1625
1726
-1612
-962
-984
-4077
-1518
-4668
-4372
-3529
-4229
-3229
-5397
-5735
-3284
-6663
-3401
-3598
-6308
2949
2141
-2662
1917
5121
3531
4215
3763
1650
444
1978
1962
702
1169
1171
2890
2527
2386
689
-834
-1777
-217
-3628
-6585
-5336
-6441
-6051
-7289
-7846
-7580
-8605
-9276
-8652
-11218
-9885
-6856
-8657
-10084
-8449
-8817
-9693
-5995
-4906
-4497
-2318
-3198
-618
-2485
-3961
-5228
-2956
457
1421
4634
6733
7707
5725
8427
11720
12393
9660
5171
3926
5718
8566
7886
6198
7710
5171
6338
6463
6279
4558
1889
1124
1615
1238
-4751
-4358
-4056
-4794
-5707
-7203
-7229
-7494
-6084
-7473
-6730
-7854
-7211
-7545
-8609
-8641
-9768
-8973
-10493
-9343
-8770
-10242
-10809
-11372
-9707
-9104
-11237
-8753
-10816
-9853
-2670
-2566
-3907
-4662
1241
3021
2347
5086
2908
5490
7939
7045
6144
6822
7514
6651
7999
8687
9346
9967
7597
7197
5906
2615
1685
1812
2686
-131
1030
8
-364
666
-2115
-359
-1169
-2017
-1551
-2291
-2319
-3442
-2864
-4165
-4662
-3234
-4375
-3517
-4320
-5346
-6816
-6345
-7032
-7131
-7108
-7774
-5186
-911
-2061
-5841
-1269
756
-1357
-1060
-2193
-3714
-945
-1773
-2163
-4150
-3743
-1360
-2359
-5984
-5557
-2876
-5614
-7672
-7013
-3358
-5292
-3972
-1689
-190
-3336
-1211
61
937
-417
-514
3830
2292
6528
7432
4755
4335
5425
4473
2825
1981
1307
1187
292
320
-1654
-807
-1164
-3134
-1581
-2063
1708
3746
-98
-819
4505
3002
2021
2568
-652
1294
2936
2421
434
-489
-557
-636
-529
-2027
-3049
-4698
-3495
-3053
-4244
-7130
-8664
-7234
-6139
-6886
-7170
-7329
-6924
-7401
-8760
-4182
-2605
-6634
-4736
-3048
-3874
-3613
-6443
-6168
-6730
-4449
-1161
-598
-506
592
-300
-1626
-674
-1118
-1711
-1191
1696
1981
3000
2404
7162
10158
6416
6424
5482
4696
4712
3984
3681
1958
2505
-16
2907
6276
1795
-744
-1496
-780
-1622
-3518
-7088
-4516
-3430
-1996
-1807
-1906
1393
-880
-991
355
-1953
-1982
-1041
-3937
-4832
-4897
-4298
-4902
-7550
-8403
-7741
-8368
-10118
-10633
-13232
-11624
-10428
-10565
-10851
-11087
-6821
-6086
-8739
-4384
-5156
-5471
-3661
-3857
278
-379
1548
2105
-1148
3367
2937
3511
5525
4441
5655
5013
5686
5965
7027
7383
3535
4431
6091
6917
5050
5461
5670
4362
5396
4370
4503
4764
5094
3802
2840
2096
954
1490
-1088
-5525
-5515
-3939
-5856
-6172
-6919
-8947
-7922
-7747
-9117
-10532
-7837
-4113
-6027
-9660
-5655
-3074
-5430
-4687
-7048
-6754
-4626
-7483
-5170
-5840
-6463
-4042
-5475
-3728
-2937
-6028
-3446
-3101
-1940
-2793
-4658
-2851
782
1879
1457
2978
4536
5942
4011
6139
6411
4366
4760
4933
6630
6560
3786
3699
2450
1476
448
-826
495
-524
-3025
-4611
-4512
-4394
-2895
-6307
-1667
1669
-4691
-2122
-1161
-1819
-1048
-2847
-2165
-1424
-1639
179
-977
-294
976
-778
3397
2148
268
2694
1030
914
169
-699
-4660
-4291
-2648
-2239
-3389
-1378
-1902
-3712
-3054
-5106
-4821
-4257
-5305
-6040
-7851
-7692
-5270
-7294
-7373
-5653
-8746
-9615
-6833
-7339
-7895
-7203
-7005
-4948
-5353
-4741
-2022
-4588
759
-1409
2727
6663
4614
4443
4264
3773
6331
8727
8231
9387
6628
7939
7985
8512
7774
6769
7074
7628
7207
5922
4340
374
1016
397
829
2375
1506
225
-372
-666
-633
-1411
-3055
-3089
-5212
-6068
-6494
-7107
-8489
-9509
-9630
-12052
-14329
-12392
-12717
-15531
-15694
-17130
-14625
-14253
-12752
-8386
-12470
-9414
-3613
-3004
-6323
-7693
-2817
-750
2412
5492
5076
6888
6076
7872
9096
7747
10280
9957
10434
10656
9605
10877
8303
6353
7537
7186
5676
5897
6627
5756
4397
3232
2275
1902
2746
2455
-57
779
-354
-3851
-4410
-5454
-6324
-11209
-10881
-13785
-11928
-12006
-14407
-10746
-11221
-9662
-8337
-4514
-6117
-8029
-2438
195
113
-3329
-1626
1410
622
1854
1360
624
1176
1772
980
854
538
2488
-6
-466
-1558
-2238
895
-6753
-7373
-4024
-3284
-3531
-4003
281
466
-308
654
733
823
1293
-282
324
584
-694
-4263
-1847
-2985
-668
-3231
-7270
-4688
-6069
-5450
-5810
-3557
-5090
-4206
1827
3468
-195
4742
7299
6632
3791
2908
5205
4339
7855
4097
4617
4836
5242
4782
3693
5785
3711
2457
2247
3090
2340
866
-3561
-5579
-3694
-4768
-5164
-5160
-7375
-7293
-7525
-8030
-8469
-9576
-9446
-10594
-11230
-14085
-12212
-9620
-10618
-12294
-13644
-11265
-12811
-14795
-8686
-7900
-7990
-3666
-3060
-2977
1394
5587
4262
3999
10205
8533
8534
11683
9489
11282
12605
13528
13351
9717
9118
8984
8728
9208
8950
6276
5988
4533
4018
6672
2131
-2478
-5370
-2442
-789
-3159
-5358
-3901
-4011
-6721
-7748
-8382
-9625
-5820
-5954
-8466
-7578
-11423
-11656
-10633
-11757
-11415
-13836
-13559
-10488
-8997
-8565
-9452
-9138
-10176
-5300
-5276
-7593
-5244
-3143
-2655
-592
1918
-3476
-522
2521
2680
2355
3066
4680
4257
5993
4119
4636
5490
4959
4718
6551
7433
6773
4134
3699
4298
4248
3849
2111
1307
-1222
-1752
-2022
-864
-2053
-2104
-1682
-1002
-414
-1368
-245
-2190
-5277
-2900
-2315
-4657
-6753
-8041
-7843
-7900
-6666
-6368
-4835
377
-938
-2387
772
2324
3416
1656
-511
2287
494
324
215
-1235
-1627
-2453
-2919
-3643
-4397
-4100
-5339
-4725
-4926
-6794
-4030
-8832
-6216
-10205
-12684
-7521
-13199
-5035
-811
-5396
-5350
-1546
426
-3788
-5500
-539
2140
-112
1128
4510
3571
3196
2385
3391
3007
1820
635
-1137
725
582
4325
6905
4821
1767
6333
7466
6471
6267
4160
6346
5816
6484
4592
3543
2410
1188
561
-982
-1573
-1142
-2000
-2790
-1683
-2554
-3391
-6328
-7249
-7650
-7180
-8491
-7244
-7387
-6763
-7159
-8974
-6851
-5609
-7814
-8901
-5924
-5994
-5959
-6790
-5687
-6573
-5827
-7575
-6638
-4244
-9174
-9315
-5787
-4435
-4121
-3811
1017
4792
1988
2823
4826
6668
9292
7143
5578
8582
9939
9138
7663
7375
7492
5578
5320
4250
3948
3494
-363
899
993
-472
568
-4147
-5337
-3093
-2279
-1628
85
-2215
-4667
-5984
-3964
4004
-1570
-5384
-3141
-3261
-3723
-7960
-6776
-3218
-4487
-4550
-4032
-5417
-5532
-9638
-11707
-11182
-13899
-12164
-7435
-6186
-7896
-5539
-2604
-702
-1018
-3828
-4356
-3834
-5329
-1711
-935
-3385
-484
1732
820
3011
1898
1241
2405
2629
4301
2059
5225
2525
-1946
5743
8455
7562
4213
6712
9906
4409
3881
4604
2658
2910
3862
2640
3011
3142
2584
2222
285
-45
-2026
-5379
-8277
-8997
-7714
-7739
-6901
-7822
-5558
-1477
-582
-3563
-4369
-800
-2395
-2127
-2906
-3246
-3557
-3825
-4545
-5502
-2847
-6468
-6212
-4750
-4795
-5053
-5403
-3690
-3614
-6140
-4016
-1363
-5658
-3614
-5130
-5906
-4848
-3668
-248
-2705
-1006
1734
2408
2591
613
1921
5825
3953
3533
4300
4424
2009
1088
1616
-1935
-2667
-3551
-3478
-1185
-4375
-2296
3880
293
-761
1101
5042
1741
850
1034
-3666
774
1262
955
1381
50
-59
1147
390
1127
-539
-974
2778
-510
3146
3688
-1381
-3161
-2604
-1658
-2527
-2415
-3318
-4381
-4416
-4077
-4717
-5503
-5589
-5048
-5430
-7234
-6717
-8719
-9742
-7997
-8257
-9484
-14242
-9646
-7776
-11922
-9861
-7802
-6263
-6619
-2274
1212
1106
-1290
-237
3664
2461
3755
3466
4130
5607
7050
8162
9094
8492
8854
7701
7245
11113
8081
8543
7591
5500
4050
4911
5745
-344
-1552
76
349
932
-2968
-1132
1887
-183
-1780
-1425
207
-1726
-4411
-4737
-6463
-7174
-8611
-11063
-11870
-10615
-11235
-10554
-11477
-12786
-14677
-16680
-15329
-13165
-9007
-10198
-13205
-8974
-5919
-5846
-5063
-2508
-5734
-5437
17
1019
-559
6005
9625
5720
7130
8564
7545
8046
10520
9276
7466
8285
7664
5744
6304
10313
8178
9478
6801
5853
6131
4946
4772
2313
1659
1203
1955
-303
-957
-2215
-4025
-3142
-5163
-6673
-7968
-8013
-11062
-12287
-12996
-11824
-11193
-10917
-9649
-5273
-6591
-8001
-4805
-2449
-3290
606
-2664
-1346
7057
2090
1723
1629
2509
494
637
-801
-1002
2296
746
161
-2841
-3885
-1389
749
-4438
-8556
-6135
-3265
-4186
-2603
1578
622
677
770
3655
2614
-551
-1001
-1048
247
-1847
-3107
-3152
-4371
-4610
-2716
-3416
-4775
-4367
-7618
-5690
-3869
-2935
3139
-2008
-1562
2465
7059
10536
5571
4227
6608
7058
5073
7200
5080
5810
6700
5920
6384
3059
3251
1489
-333
878
-2358
-682
-666
-3252
-2884
-3857
-4543
-4885
-6131
-6677
-8757
-9220
-9624
-9328
-9971
-9436
-11690
-11751
-11182
-12185
-11604
-11304
-12665
-15577
-12624
-10258
-8923
-9517
-6826
-8753
-4729
-1375
-2155
6034
4909
2949
8468
8717
8674
9863
7688
9003
12110
13232
13514
13502
13191
10147
8492
6811
6235
6565
5215
5713
5144
3618
3205
375
-5170
-4121
-543
-2103
-1848
-4780
-4388
-2188
-6629
-6581
-6789
-10182
-9576
-9291
-11955
-11125
-11425
-10608
-11554
-10337
-10771
-13320
-11696
-9927
-13062
-10462
-6713
-10676
-6492
-3951
-5344
-3922
-1501
-2119
-2257
1094
-492
-752
570
1916
3946
5392
6044
5933
6050
6505
7701
6478
5275
6106
4619
5000
4570
4702
2495
1314
3874
2906
3335
2221
3964
52
-2596
533
-2669
-3270
-3082
-3906
-4055
-2262
-1599
-4906
-6657
-3766
-5241
-6637
-744
-2292
-6341
-7846
-6656
-4104
-3839
-2930
-2430
-1848
-2416
-712
1305
314
1489
1892
1068
2206
1115
-305
-509
-543
-756
-1159
-2637
-2548
-3264
-3297
-504
-4477
-6100
-5912
-6216
-10165
-13035
-9506
-9201
-7345
-6969
-7715
-5036
-1742
-1965
-2259
1548
2430
-1062
-891
3129
1782
4721
6151
1646
1462
1228
1667
2139
1338
-1742
-1304
-380
-466
3299
3150
3362
5337
6732
6707
6423
6598
3496
3159
3541
1943
1471
2511
1011
-433
568
444
1133
-1000
-2048
-2985
-6015
-5838
-7000
-10684
-9781
-8761
-8980
-8345
-10021
-10018
-8295
-8586
-7741
-8382
-9301
-9555
-6837
-3246
-7754
-7713
-5036
-5447
-10089
-9495
-5613
-6319
-6529
-2875
-3791
-4616
1280
-344
-182
4507
5984
4981
4753
7411
6377
9511
8881
6439
7571
8876
10044
7845
9085
6000
5722
4825
4425
4269
573
2053
1643
88
-169
-963
-4563
-6888
-7114
-5584
365
-4175
-6198
-4384
-1781
1281
-3884
-4610
-1953
-2793
-2118
-2357
-3097
-4825
-5227
-6634
-8427
-9520
-9215
-10256
-11047
-12033
-11744
-11092
-7247
-3068
-5864
-7979
-4035
-2725
-4487
-2436
-3705
-4770
-3294
-1497
2751
2276
-706
3792
1628
2114
2570
-578
3220
-54
3078
5420
4703
7185
3032
5115
5109
3673
4754
7599
8992
4345
4967
5058
4020
3138
1790
2468
2156
1552
2311
1875
-147
13
-2267
-3651
-4376
-4810
-4724
-9684
-11220
-7986
-7784
-8902
-4070
-4662
-6565
-2805
-2826
-2292
-2323
-916
-4798
-4153
-4597
-7720
-2207
-6844
-5934
-4541
-6766
-5742
-6673
-3842
-4043
-6003
-4932
-2737
-3414
-8221
-5722
-3900
-2574
1201
-2336
-1479
2373
2516
1152
2256
4995
4052
3941
4989
5483
5346
4836
3824
3130
2115
-656
-923
-190
-38
-2953
-3197
-2365
-3071
-603
-220
-1583
378
854
1060
-413
-1465
1207
-368
739
-1174
-2225
-678
-2159
-789
208
357
1217
-1330
-2300
3503
3709
182
-908
-6172
-5917
-1249
-2701
-5762
-5949
-4269
-5027
-5101
-5912
-5918
-7572
-7820
-6735
-7809
-8573
-7565
-5975
-10261
-10214
-7846
-7585
-7756
-6004
-5662
-8797
-9050
-4536
-3834
-4200
-1294
112
-146
353
4083
3596
5059
6318
4367
5457
8352
8753
8626
8667
8271
5886
9042
11865
6886
5116
5837
4990
5261
3658
4715
18
1863
3214
55
-679
-2040
1489
-463
-4250
-2528
-2994
-4824
-7643
-7776
-6003
-6851
-7422
-6627
-7806
-8949
-10458
-11396
-12993
-12729
-13797
-15507
-15600
-15712
-12530
-12471
-9070
-10198
-12379
-5746
-4038
-5241
-4533
-766
-632
615
2568
5612
10159
8778
6614
6250
8247
7893
10781
8288
7731
11546
10513
12357
8620
6505
9760
8997
7290
6067
4995
6144
3157
3779
3048
534
1102
-382
-718
-1617
-1562
-3184
-3047
-3120
-5627
-7360
-9799
-11277
-8795
-12167
-14961
-13487
-11941
-11509
-11594
-6228
-7958
-8700
-1248
-1662
-3269
-157
1647
1206
-1643
781
422
-608
1970
606
1366
-1400
-1172
-1001
-2523
-2487
-1670
-103
-2824
-6110
-5866
-6415
-3464
2109
-168
-2261
2127
1027
-581
230
1805
2163
-188
1030
2801
1167
748
-1369
-899
-1878
-5275
-3993
-6960
-6474
-4864
-6345
-3252
-1687
-2119
930
2970
-2284
3386
8128
4866
4387
5763
7472
3655
6694
6700
4912
4576
3845
3784
2618
3298
2164
489
-966
988
234
-74
-244
-4823
-6350
-5231
-6386
-7472
-8133
-9643
-9705
-9865
-9082
-9762
-9654
-10736
-11636
-9442
-7717
-12093
-12514
-9981
-9128
-7985
-6690
-3471
-4448
-7330
-6483
-3238
-1841
-565
331
4494
5150
3760
8911
10837
11949
11720
11820
12456
9211
10648
10636
10673
10293
8459
9444
8312
8062
7794
5773
4515
2972
3156
2456
638
-1999
-5197
-3063
-1300
-3278
-5022
-8430
-8277
-4891
-8358
-11272
-9766
-8973
-9297
-12857
-12031
-9454
-10812
-9437
-9542
-9764
-8571
-10800
-11450
-13410
-10807
-11647
-11287
-10582
-5757
-3240
-7500
-3088
-979
-1202
1699
2272
1773
5855
6542
5356
8419
6333
6884
7122
8279
8533
7399
7119
5346
5797
7063
6414
6904
5282
2122
2016
3315
3090
593
-47
-377
994
-2076
-4525
-3191
-5887
-2459
-850
-1839
-1538
-654
174
283
-2195
-3498
-4589
-5445
-7995
-11288
-8517
-7847
-7971
-7355
-3053
-3231
-4585
-4823
-270
977
-71
512
-1234
-2594
-2300
-1912
-1943
-3261
-4017
-4651
-3930
-2890
-5570
-4014
-3224
-3222
-6663
-7349
-5144
-5475
-7448
-7702
-1717
-3121
-4988
-4794
-1833
985
-218
289
171
3836
4748
2850
3750
5963
5101
4044
7020
5117
2244
1657
1195
-641
-2248
-1711
-1349
-920
1311
3908
4564
-343
-154
4995
4277
4328
3354
2245
576
1641
2893
2118
801
-1012
-2480
-1582
-947
-4764
-3347
-4612
-5642
-5128
-3814
-4939
-8746
-10191
-11121
-9630
-9416
-8046
-9656
-6660
-5714
-6135
-5422
-8793
-4978
-5614
-6106
-3289
-1757
-2807
-235
1833
2169
1654
65
-2543
-5311
-1492
-1370
-303
2541
2602
4347
6968
4362
3755
5738
9115
8744
5021
3756
7370
5938
4596
5581
3558
4896
2112
1379
2477
92
-1185
-3929
-2385
-2383
-983
-1414
-2877
-966
-4606
-2717
-1952
-4064
-5517
-5410
-371
-2241
-4630
-4291
-3836
-4104
-7337
-5706
-2632
-4038
-6482
-5440
-5189
-7056
-8346
-10861
-12548
-11992
-13496
-12510
-12721
-9430
-6158
-8144
-5392
-5967
-1599
756
93
1532
242
1813
487
1946
3180
4517
5287
6045
5541
8438
7463
5171
7878
6925
7886
7205
7443
6782
6263
3628
4008
6005
4471
4531
4108
3138
3970
4116
3006
3913
1134
1040
1277
-100
-713
-2239
-4089
-5312
-6745
-10000
-12337
-9646
-9574
-11068
-10864
-8861
-10963
-11630
-7522
-7355
-10559
-9886
-7218
-6715
-5664
-5321
-5943
-5324
-6075
-4833
-5147
-7647
-8153
-3727
-618
-1826
-2641
342
3078
1210
3268
4136
976
4738
2731
1368
2325
4517
7384
5055
4838
6278
8484
9137
7871
7045
5666
4288
2900
1190
-473
-1316
-2860
-3785
-5265
-5514
-5082
-6319
-6371
-6804
-5061
-8255
-8090
-5399
-4700
-5113
-6900
-3939
-156
-3422
-2645
-2201
-4209
-168
1584
1405
20
-874
1174
2432
1509
-871
-1382
228
-904
-1644
-1965
248
-1599
-5052
-7075
-4379
-3624
-4333
-4833
-5391
-4253
-3560
-6762
-4315
-1020
-3910
483
-977
-1982
-978
-2509
-4126
-5461
-6219
-1628
-1632
-6039
-4676
-3746
-1820
-5076
-4808
-982
-1421
-1275
-2465
-1733
5261
5968
4502
6703
5302
6062
6052
6534
7391
7046
5968
4880
5854
5389
4858
4280
4769
2098
626
1405
815
1906
-1927
-5166
-538
-1000
-4862
-4017
-4248
-4022
-6265
-6165
-6427
-7765
-9063
-8548
-10261
-10287
-11312
-13262
-16526
-16338
-15008
-16100
-15289
5170
3639
5271
9057
9823
8453
9565
14049
14074
10661
10910
11614
12452
12919
9816
8706
7651
9912
12740
8911
4859
4703
6405
6112
3845
3911
3402
1310
1605
-610
-53
-1097
-3845
-3093
-6858
-6134
-7913
-9211
-7866
-9094
-8276
-10476
-11406
-11847
-13264
-14826
-13296
-14571
-15644
-10887
-8451
-7287
-7588
-9015
-6862
-1415
173
1434
5655
3591
3729
8360
7127
10045
9504
3809
10177
11814
10435
13363
13089
14155
13731
13438
9990
7935
10721
10866
11236
9677
8673
6936
4709
4510
2791
1939
573
1229
-1509
-2595
-2342
-3105
-5360
-8122
-8386
-9328
-9429
-8574
-13084
-13708
-9092
-9918
-8377
-11490
-10762
-8393
-5230
-373
-2140
1273
4107
3398
2175
3328
7882
3793
2732
4748
5110
2555
3807
2731
3170
1471
398
-459
-422
-713
-2345
-984
734
-1016
-3899
-913
-3282
-1187
889
1016
-583
996
1297
-659
-268
-2570
-3393
-4243
-3209
-3287
-3217
-3993
-2633
-1515
-3316
-3033
-2566
-2355
378
1185
3770
8086
4585
6587
8645
8809
8369
7258
5556
8074
10420
8641
11974
12092
10810
7624
7171
7531
7368
5930
5060
4749
4889
4108
8
505
1607
1185
-926
-2017
-4722
-5743
-6358
-5619
-7495
-9324
-8595
-12162
-9102
-11456
-13269
-13474
-16154
-14163
-11876
-9040
-9501
-12551
-11056
-6673
-9224
-5513
-3431
-4819
-17
-377
6768
9232
5457
6914
10053
12681
7985
7339
13262
15226
13037
15481
16452
14038
11212
9550
9041
9718
8412
7851
7145
4692
4905
4704
4614
1697
1219
589
-2021
-3244
-4892
-4789
-4747
-5905
-4464
-7065
-9561
-8396
-9766
-11272
-11669
-10757
-12031
-9508
-8935
-9784
-9289
-9026
-8137
-7571
-5727
-5548
-5546
-5144
-5544
-1186
2584
2495
1085
255
2060
2407
5029
3888
3899
7454
6684
7524
9832
6691
7111
8811
7914
9498
9912
6371
4779
8498
6976
5155
3649
3729
2748
2289
2230
834
2044
1435
2896
1484
-1137
133
-1880
-5326
-4381
-3338
-4708
-4877
-3419
-2549
-3152
-3674
-5244
-5748
-4012
-1333
-1520
-5996
-2199
3343
4535
2581
4550
5191
840
53
2534
7056
2647
1878
5061
3871
978
20
-1622
-3126
-2363
-4323
-3979
-4759
-5889
-4086
-4185
-5014
-3131
-4479
-9513
-9892
-7039
-5504
-5706
-2673
-1952
-1649
-591
-178
1680
1156
1835
1865
2481
1124
1058
-755
-629
689
901
1577
1671
3888
7413
5416
3194
7463
10067
11561
6786
7574
9223
7370
7443
7528
7702
6102
4719
7158
4528
4957
4189
-148
1844
2214
-3
-4795
-5205
-3161
-4443
-5934
-3395
-3497
-5540
-3507
-4425
-3991
-2684
-5193
-5895
-6177
-7112
-7129
-6914
-6795
-8483
-8468
-8805
-6534
-8226
-9299
-9586
-10513
-9429
-7729
-7654
-805
2575
-627
1355
5084
8272
7739
8704
12390
10957
8445
8229
8214
8433
7618
7150
8495
8538
7803
8821
8461
6202
7510
4822
-1069
1426
1895
31
-1188
885
2118
1323
1396
1649
1746
-213
106
-759
-1011
-1113
-1825
-4392
-2386
-314
-2783
-4528
-5860
-6128
-7759
-7683
-8176
-9001
-7813
-8787
-5281
-1168
-4954
-4626
-713
-1894
-1808
-799
-1222
-260
-270
-1085
-3840
-964
474
199
-4337
-3479
3932
596
2195
3310
1644
2641
-499
2372
5103
5857
6912
7602
9284
7168
9144
9541
8762
9247
8409
3392
3501
5795
5770
4699
2267
1351
2689
-1725
-7925
-4521
-6835
-4237
-4767
-8286
-4494
-4201
2445
-2407
-7335
176
3366
2097
2448
3219
2442
-362
-247
-1563
-4500
-4390
-3409
-1430
-2006
-852
63
289
-574
-1764
288
-3563
-4347
-2556
-1195
-1940
-2458
906
-539
-2486
-1508
-1433
-4109
-8565
-2829
-188
-2448
2838
1061
2081
3971
1746
943
-439
813
486
336
664
-718
-508
917
-181
3209
5662
3227
3655
6362
8445
5900
4171
3253
4453
5952
4027
3935
3202
3867
5974
4547
3649
4587
3752
3648
6274
7637
1802
-1411
2275
3414
3477
2416
3139
1680
-999
1007
1327
-566
-2220
-2563
-1574
-1736
-5718
-5957
-6450
-7330
-7557
-9356
-8823
-9826
-8609
-10960
-15639
-16679
-11966
-9182
-8177
-7866
-10865
-5881
-6685
-3542
-1515
2447
3512
2563
3707
6745
9553
5898
6029
6795
8351
6725
7301
9942
11987
11192
13330
12884
9627
7720
9097
8475
5279
6208
8324
6520
2510
3908
3144
3968
1388
1487
1693
-61
-1345
-3105
-2810
-3508
-4040
-4624
-6989
-7219
-7876
-9714
-9492
-9715
-9644
-9210
-9836
-6111
-6922
-9540
-7912
-3689
-6218
-3864
-1907
-4520
-2432
-4050
-1165
-63
719
682
195
2126
3475
4941
4550
4157
7419
6959
2821
2208
3726
7592
8213
8629
10164
8557
7683
9087
7716
6652
5888
5941
7407
5756
5569
3847
3366
2069
412
-1036
-2279
-2475
-3836
-2062
-6463
-12070
-11802
-12064
-3980
-1886
-6858
-6916
-3666
-1998
-4366
-4028
1328
1112
2499
5409
5354
6126
4496
4744
4538
4532
4530
3385
4325
2094
4679
4039
-378
1265
-154
-2291
-2700
-1691
-1868
-2810
-2641
-2367
-2881
-4041
-3966
-3753
-4861
-7553
-9064
-6891
-7145
-6962
-4101
-3753
-6024
-4712
-4968
-5317
-4904
-4925
-3170
-5640
-3231
1165
3053
565
1244
7208
7234
6056
6643
8313
8329
8857
10878
11811
15058
13365
9249
8904
7924
11464
10694
8503
10561
7711
4393
4343
5770
4396
1893
3248
2501
2053
1285
-814
-961
-2170
-2446
-4677
-5598
-6294
-6598
-7452
-8812
-10253
-12180
-12764
-14591
-14717
-14128
-16205
-15796
-14826
-14262
-14745
-16911
-8843
-7557
-6357
-2974
-4506
1363
1107
1062
6316
8543
10349
11674
10123
9794
12354
12853
13844
13525
12521
11875
11369
13946
12437
8450
9525
11393
10045
7894
5646
5398
5587
3466
2904
2669
-1654
-913
-369
-1475
-1480
-4900
-6472
-8234
-8798
-8753
-9594
-9838
-11770
-10479
-9564
-8728
-8989
-9320
-7517
-9391
-4340
-3134
-5489
-2654
2056
3503
2530
2695
1745
-2531
-1859
2077
2220
4487
2813
3099
2494
5372
5364
4146
2777
4099
2228
-4932
-1657
2365
3524
2992
505
1013
4158
2889
1619
3698
2131
2953
810
-28
18
435
1883
-640
-372
-1424
-2827
-2676
-3392
-3954
-2945
-2937
-2804
-1290
-3969
-1590
2832
-1864
-107
5099
6163
2265
163
5778
6287
5009
5975
7257
7916
4475
4477
5774
4006
4317
3134
2749
3406
2703
3102
-427
-2851
-3339
-2844
-4131
-3750
-5809
-8371
-7635
-7376
-7366
-10659
-6421
-8969
-10430
-11044
-10786
-9070
-13868
-12205
-9288
-6961
-6608
-3117
-3771
-3595
-3142
-2386
-53
-84
2449
7309
5162
1100
8419
11731
11435
11804
11936
11737
10705
11705
12316
12937
12857
11709
11076
11054
9552
8324
7091
8446
6725
6954
2554
554
2978
2696
-144
-1112
-2169
-7190
-3885
-3410
-3559
-4084
-6611
-4582
-5619
-6020
-6094
-7663
-7717
-6907
-7396
-6504
-7099
-8452
-7826
-8256
-7049
-7843
-7045
-8875
-5211
-3582
-8138
-3166
787
-1574
818
2407
-2789
2678
1223
2429
8160
9016
8304
8501
11631
9223
10644
9651
9633
8591
8630
7823
3762
4330
5123
2603
3061
3997
2412
1005
-1208
529
1484
-387
2136
2430
-2182
-2085
-2089
-2297
-2897
-3136
-2677
-1786
-1018
-2872
-3282
-6473
-7108
-6668
-5299
-4481
-4600
544
-1782
-1708
-323
534
3198
266
2376
1735
-272
255
-335
217
87
-1275
-1557
-1115
-1143
250
121
-1646
-2441
-2496
-4724
-4436
-4731
-6905
-2717
-1277
-2789
1755
734
-2765
688
3445
3619
3588
5671
6043
6424
7889
5988
5343
5123
3863
1962
3037
2751
1749
875
1188
1301
1238
2447
7467
2169
1139
5134
4249
5327
4215
4671
1383
-55
3038
2747
295
2084
3890
2489
871
-777
949
-744
-2514
-1016
-3012
-7829
-4988
-4421
-5890
-4036
-6495
-4347
-3424
-4336
-3374
-3903
-4645
-4343
-3745
-3256
-4687
-3259
-6637
-6135
-6441
-4062
-4717
-10208
-4520
-6322
-5683
-4047
-4709
-2150
-1008
388
3659
6187
2853
3920
7523
7788
7831
8006
10504
10468
9191
8255
10703
8729
7287
6547
5277
6504
6967
3827
3266
3533
2290
2957
612
2052
4421
3388
3257
3077
2862
2711
559
690
617
1518
2780
-2586
-1341
-565
-226
-187
-1874
-3517
-4609
-5673
-7066
-6558
-8050
-9098
-9471
-9017
-8068
-8331
-3957
-5448
-9313
-6112
-2674
-5393
-4660
-2650
-901
-3465
-6817
-2620
-1413
-894
4067
4033
941
2149
5226
3113
1460
4221
7573
8272
5536
7539
11235
9749
9012
8651
8685
8151
7853
7258
5518
6355
8028
5501
5160
3765
493
540
-1214
-2835
-1900
-4028
-3448
-5187
-4059
-4085
-5814
-5276
-5693
-8425
-5552
-655
-5610
-6305
-888
-669
-4350
-1748
-1607
-3065
-1539
-1586
-605
-1607
-3346
-4444
-3898
-2913
-2640
-1106
-1588
-1162
759
759
-3476
-2585
2538
3242
2025
694
-667
-309
2295
5356
5753
4243
4640
5695
6621
5781
6429
6911
5074
4557
3140
944
1851
2273
299
-459
-1733
-347
-1858
-2444
3391
-127
-2228
2306
1525
-2087
-2898
1385
645
-1503
966
289
541
3375
1271
3615
4868
1346
1110
1680
5161
4089
2090
1294
-820
591
-2630
-2567
3359
2446
1388
976
-472
268
-675
-2782
-4295
-4791
-5996
-6638
-6204
-6456
-6741
-8340
-9929
-9520
-8658
-13326
-13821
-12275
-8611
-8000
-6675
-5532
-4732
2003
-3433
-2538
1610
1212
3496
3305
3271
6373
6648
10744
12785
9988
10146
10614
12645
11791
12734
12364
12337
11671
11450
8208
2058
4379
7219
7355
7339
6991
6438
4899
2356
2940
3132
1293
-304
-3102
-3919
-2391
-3274
-3977
-3981
-5303
-6804
-8150
-10663
-10439
-11397
-12733
-13720
-13540
-13453
-14169
-7715
-9315
-10693
-6582
-4802
-5652
-5822
-1971
-3869
-6476
-989
2461
4474
3041
2491
5511
3652
6211
10178
8842
6951
7341
9638
9748
6830
5966
9252
10004
10366
8875
9992
8444
6433
8446
6672
4856
3420
2070
45
943
895
1109
567
-3476
-2976
-5452
-8760
-9947
-9801
-9981
-10815
-10266
-8999
-8156
-7535
-6915
-6279
-5387
-1416
-725
1053
-1628
1206
5752
393
2991
4754
5537
6057
2731
2318
1482
4145
5048
2418
2860
2164
1013
-500
-4724
-1193
-1284
-1317
147
-160
-468
-5068
-2452
-1152
-800
-118
119
674
-2821
-863
1397
-253
-852
-161
-1975
-2710
-2330
-5280
-4053
-2864
-4959
90
-1225
597
5492
735
4253
5358
6826
6481
7703
9046
4301
5030
6704
7706
8194
7249
8019
7572
6913
6062
2650
4064
6066
4092
4205
4755
1761
-45
221
-913
-1725
-1944
-5308
-6883
-5706
-5051
-5691
-6465
-6615
-8288
-9544
-10167
-13880
-12646
-11791
-13406
-13548
-12253
-14055
-13450
-8545
-12868
-13508
-9150
-7180
-5080
1960
118
1441
7622
8399
11317
10115
11461
11373
10945
12930
12306
11338
12136
13144
13205
13437
13488
13351
12710
12476
9945
10003
9718
3924
3253
3300
2823
3345
2872
2571
193
-94
-2059
-3966
-4463
-5332
-4779
-5810
-7387
-8555
-7601
-8267
-10225
-9121
-8807
-9835
-10085
-10066
-11156
-7797
-7170
-6034
-3189
202
-2766
-3449
1054
-13
323
524
2435
-726
-2493
112
1241
1462
3800
2228
-2387
977
1793
5144
4412
3986
6800
8079
6633
1344
2508
4899
2653
2893
4375
2883
1632
2075
3605
3497
2557
1359
34
424
-1668
-3646
-959
-1973
-1855
-565
-4873
-4171
-3121
-4161
-3792
-5395
-3130
-878
223
2111
2510
1358
1849
6268
6575
4173
3996
2401
2432
4191
3562
3525
2477
2445
3215
2197
2457
2213
494
91
-573
-1627
-1613
-5159
-7272
-4021
-4290
-5478
-6033
-7361
-5757
-4274
-6238
-8849
-6275
-5711
-3763
680
562
53
-176
-1085
576
3549
1634
1495
2394
2283
2640
1822
1875
3169
4302
8985
9649
6092
7737
9331
9829
6290
9783
9655
7231
6389
5522
6351
3623
6479
5249
3751
4311
2965
1398
-1645
-807
1627
-226
-2820
-6481
-4979
-2009
-4679
-4173
-6337
-7779
-8066
-7707
-6127
-6717
-5547
-4624
-6078
-5937
-6365
-6275
-5500
-6469
-8557
-6383
-8053
-7854
-8845
-9597
-6375
-7795
-8056
-9469
-5614
-1519
-1290
409
3187
6654
7058
7469
8832
8813
9219
10736
10232
9902
8750
6662
9029
7550
6657
7778
6810
7618
6285
5748
7330
3607
57
3179
215
1402
3186
732
1232
353
494
340
280
1068
1269
1685
1285
1679
2641
-1753
-3646
-2718
-2967
-4885
-6046
-6598
-7123
-6791
-5139
-5847
-4536
604
-3722
-3597
-381
-491
-1057
-2619
-1373
-3044
-2604
-1465
-2707
-1232
-2009
-3981
-4012
-3424
-3384
-3964
-3116
-3012
-189
1073
-2032
-5470
1634
5069
4285
6512
8229
7482
5995
6619
6734
6528
6137
6310
5564
7068
5799
6707
7130
2774
2178
197
-171
-448
-3008
-2383
-3631
-3121
-2572
-1331
-432
1952
1860
-4961
-744
978
373
-214
452
1980
205
2972
1903
931
1139
-2658
-1186
-1113
-3419
-4053
-2894
-1511
-5526
-3691
-4157
-5902
-3567
-2207
-2577
-3161
-463
-595
-918
-1515
-564
-202
-3179
-5774
-2497
-672
-190
1321
2287
1213
1259
670
1
1520
1181
-423
-407
-603
194
827
3220
6552
4683
4245
6568
9615
7673
7670
7073
4012
3729
3346
3710
1553
988
1025
2383
3516
-50
-1055
3582
3448
1475
693
-944
415
1800
2361
2843
3844
3969
1430
-1575
-1347
-645
-991
-24
-1498
-3042
-1978
-2337
-3828
-4095
-4610
-6555
-8208
-9313
-8791
-9573
-10376
-10159
-10521
-10666
-9901
-9128
-6360
-4483
-10211
-6310
-887
-1728
1315
1896
2325
2789
4684
4490
5571
7072
5096
8277
10063
9550
10039
10260
9754
9849
10020
8341
8730
8341
8984
7260
3966
7566
7566
5321
5503
3504
3656
4145
2044
2283
2002
1250
748
395
-450
-2468
-5997
-7070
-6852
-7811
-9010
-9559
-10022
-10230
-8037
-7641
-3109
-5174
-8441
-6989
-3438
-4158
-5761
-3050
-5717
-5440
-4491
-3449
-1589
817
-538
151
-830
-2193
738
3212
4499
-737
1296
2279
204
2862
5127
6155
6340
7415
6844
7855
7268
5262
5786
6163
6618
4976
4141
5548
4145
4120
4214
2674
2322
-6
-1353
-4813
-6124
-5378
-7509
-7096
-6572
-6441
-3752
-242
-4743
-4435
-197
1844
280
-1931
2098
1218
3305
4814
4480
6670
6498
5988
5686
5022
5047
3874
1253
1508
3642
-484
-848
613
158
-451
-2470
82
-2649
-2984
-2659
-4227
-2902
-3894
-5023
-4493
-4006
-2851
-6966
-6392
-4246
-6868
-4522
-5247
-3977
-6255
-8706
-5724
-5537
-5034
-3453
-3070
-124
3918
1377
-2476
4972
8577
7238
8634
6449
7797
7851
8850
10128
10539
12978
11146
7526
7924
8373
7554
5699
5387
4935
2063
1579
4147
3923
2145
1742
997
1375
-676
-536
541
-1189
-2349
-3692
-4746
-5393
-7152
-8359
-6802
-8841
-7402
-10328
-10817
-9763
-14083
-13878
-16028
-16217
-15101
-13720
-13990
-12806
-7668
-4420
-8045
-2961
2424
1326
2351
4166
7516
7346
10257
10316
7117
11391
14340
14548
12465
10481
12124
12698
13303
12331
9617
7847
9404
9902
9269
8830
8630
6451
5300
4559
2984
2469
241
275
-270
-49
316
-2813
-4274
-2801
-5171
-6355
-7420
-7582
-7206
-7860
-10209
-13546
-8315
-6323
-8141
-4299
1399
-2931
-4648
2934
5402
4512
3480
1789
-1376
2248
4060
903
1878
2219
952
1353
2427
2939
2857
775
1052
-1004
-4738
-2348
-4767
-5980
-1582
-71
387
1362
1470
226
442
-1152
-1096
-387
-2520
-3520
-1197
-1734
-2277
-1946
-2000
-2279
-2971
-2509
-5408
-2902
-1737
-3856
-2826
-2881
-2953
400
4716
4099
1502
6054
7622
5977
7844
7465
7860
6294
8101
6213
7171
6956
6366
5955
5293
4966
2738
2563
2864
2092
-3321
-3498
-1222
-1480
-3342
-4044
-5092
-5796
-4841
-6874
-8349
-9423
-8798
-9157
-9085
-9596
-9839
-10931
-10491
-10110
-9578
-8470
-11643
-8742
-5063
-6173
-2264
-1085
870
-1027
-687
6485
3102
4261
8217
8843
12309
12719
12122
12819
13265
15001
15643
13686
15092
11968
11725
11504
8899
7878
6682
4266
5668
5740
-115
792
1743
40
-208
-1128
-2749
-3397
-4274
-4409
-4442
-5039
-6285
-7318
-6421
-7325
-7705
-7231
-6945
-6204
-6570
-6606
-6458
-6904
-8135
-6623
-8214
-7655
-7759
-9254
-8759
-6194
-2851
-3860
-4096
-369
304
-147
1063
548
3149
474
-80
6299
3963
6763
8399
5435
7402
6352
6812
5960
6838
9235
3848
3264
6650
6330
6080
5711
2711
4411
3145
858
564
-1004
-1737
-156
2446
364
911
1010
609
993
736
197
456
762
-1163
-4819
-4829
-2078
-1765
-2199
-810
2013
-555
-2414
-3
4946
4432
4244
4590
2259
1345
4228
4279
4826
5042
2156
-62
-235
-2638
-2241
-3427
-3077
-3975
-5689
-6807
-9003
-7389
-8785
-7652
-6327
-8864
-9640
-7190
-7112
-5544
-1558
-2788
-504
-73
-255
1545
2607
4666
6485
6213
550
-216
1587
1557
434
458
1083
1261
3818
3137
5190
5566
2620
17
6078
8254
7523
7846
6492
6363
5241
8703
7537
6450
5233
4296
4329
2893
2412
786
1475
1264
1496
-4690
-5942
-3358
-3950
-4136
-5716
-4547
-5481
-5849
-5822
-5186
-4376
-4904
-4379
-2285
-2185
-2872
-5625
-7416
-6137
-6765
-7177
-9032
-8342
-6407
-6603
-7744
-5079
-2545
-3892
412
4924
3067
3528
3350
6791
6465
6094
7762
7655
8758
10195
9616
10645
10724
11065
9007
7601
7714
3752
4376
5118
4211
3927
1426
-704
1710
3879
3129
156
429
2089
289
130
1085
147
1638
1558
-3089
-2573
-462
-1174
-1226
-451
359
-3629
-6960
-5847
-7356
-8241
-7995
-8960
-7677
-6763
-5751
-2250
-2018
-5590
-4792
-1556
-2246
-3582
-3513
-1723
-1757
-1079
-2574
95
2536
-2984
-1523
-1759
-913
1797
781
1252
2280
4725
5594
3050
6579
10251
8178
8114
8134
7778
7755
9659
6819
3638
5589
7147
4497
3918
5699
5020
4236
1260
1529
1311
-844
-1974
-1667
-2060
-2786
-3246
-1818
-2347
-1581
1694
-765
-2611
876
2926
428
-1417
109
1989
122
2770
1432
81
1500
-1188
-1875
-3567
-2535
-4108
-4523
-387
-1570
415
-1363
-3353
-1017
-2101
-842
-3114
-292
-5207
-6118
-821
-3584
-2992
-5436
-3872
1802
2487
498
1428
1680
1387
-1011
1066
737
-997
-3461
-3105
-947
378
1923
1211
-797
3787
6361
248
207
3826
6506
1687
2161
2917
3244
7707
5970
5964
5791
4058
4124
5372
5829
7134
6420
7354
7364
7083
6283
4076
1257
-1947
546
1518
291
-1255
-1841
39
-565
-1305
-1922
-3097
-3551
-5033
-5302
-6485
-6904
-7290
-7554
-8295
-10259
-10075
-10385
-11598
-12636
-10549
-9783
-10767
-12223
-7537
-5484
-7451
-1173
1847
4131
2556
4243
3176
1523
5349
5893
7144
10182
10828
11059
12024
11843
11608
11505
13481
13854
11001
9159
6998
7648
8278
7081
5509
5030
5293
4055
1433
607
-47
119
-217
-1009
-1841
-3380
-3032
-4094
-5158
-5775
-6357
-6752
-8358
-9485
-10554
-12341
-11368
-13377
-10854
-13681
-11682
-5345
-5930
-10057
-6339
-1557
-4969
-3944
-2968
-4114
-3991
1326
964
2711
3364
2508
6034
6104
1339
-1174
6089
6822
8050
10787
6817
5376
8966
8295
7331
6952
7962
7952
5209
5658
5628
3757
3818
3608
2872
2410
2354
621
844
-462
-1320
-2408
-3825
-6594
-8995
-8486
-10067
-6300
-5773
-7687
-5445
-441
-1927
-5062
685
2470
2159
4333
6051
2491
3045
5280
5704
7008
7237
4034
4024
6261
4711
4437
3062
3880
2240
2564
117
-1809
-157
-2129
-3322
-4762
-2684
-4936
-8021
-7705
-5199
-5973
-7296
-10445
-8181
-3340
-4608
-1045
-3573
-4634
-6791
-7995
-7004
-7513
-6921
-5898
-4802
-3240
-2272
-2021
-310
3609
4942
3227
7540
8106
9439
9128
11814
12363
12079
10457
6531
11724
10637
12091
11166
9357
9765
8760
8331
8049
7992
7210
6566
879
1469
2612
1759
809
-2282
-3124
-3565
-4979
-3903
-5190
-8116
-6329
-8756
-10379
-9372
-10352
-13101
-13359
-12707
-13756
-14234
-13205
-13352
-14522
-13291
-11871
-11174
-9444
-6018
-1343
-4874
-6500
2301
4632
6787
10251
4696
6355
11564
9801
8367
8817
12018
13186
12872
14373
14054
13995
13299
12367
12912
12734
11273
5788
6096
6674
4235
2838
2069
820
-2332
-498
-117
-3444
-4739
-4159
-4605
-6382
-4774
-6241
-6866
-6489
-8404
-8812
-10685
-9313
-9288
-9646
-8600
-8880
-7571
-6290
-5586
-2656
964
36
-4530
714
4860
2092
4482
3002
-305
1834
4312
3060
2017
2481
3003
2144
2815
3214
3317
-1558
-1889
3247
1201
-191
316
1953
2259
2162
3377
2068
1493
1985
-289
69
348
2065
779
-1358
-89
-1336
-518
-899
-1888
-171
-1978
-2362
-2239
-2188
-497
-1954
-1485
824
-1736
260
4097
1399
5984
6770
6180
6475
5597
4782
6248
8058
6095
7948
4949
4188
4477
4911
2625
1866
1062
2457
606
376
-3807
-5476
-2520
-4534
-7476
-6638
-4350
-8693
-7877
-8751
-10777
-7592
-10954
-10275
-11114
-8867
-6338
-11917
-7871
-3598
-2614
-682
-1514
-1702
-1656
-426
-601
-4296
-732
3512
1653
6465
9251
5628
7490
11251
12029
11181
11420
9811
9229
10156
10815
11372
10335
9206
6612
7801
7544
6957
5769
4009
6200
5533
-873
-2233
-300
-1053
-2023
-2583
-1230
-4040
-5763
-6467
-7292
-8079
-8535
-6531
-5560
-5399
-5672
-4467
-5165
-4919
-6454
-6930
-5045
-11112
-9775
-8858
-9513
-8184
-9775
-7845
-6129
-5302
-4438
-4808
1782
1046
-750
6329
1468
4901
8293
8028
9422
9225
10103
5280
7801
8426
9503
10654
10357
8474
10026
7497
1202
6561
6057
3749
3452
4080
4940
2931
2032
1279
-1265
98
-787
-989
-400
-1475
-275
-995
-11
-5008
-6624
-1726
-5136
-5720
-5949
-6440
-7626
-7535
-4854
-5398
-4119
-1246
-2107
-4500
-861
2971
348
1202
270
-1785
-195
305
1176
144
-196
-993
-2083
-2118
-122
-2198
-4702
-4539
950
-1897
-9492
-4037
-1795
-1702
297
2769
3207
3363
4341
4220
4756
4810
5109
7067
7453
8686
3703
2695
6653
3209
3543
2504
791
1216
-453
-1084
61
1553
440
-2038
1514
2254
512
2208
5735
4738
3991
5354
4513
3279
3702
6727
3270
4037
2008
-807
-2438
-2726
2311
516
-1464
1164
2662
-2528
-6512
-4853
-3574
-3641
-3737
-1294
-2080
-3101
-2080
-2967
-1774
-3254
-3774
-7713
-7256
-5621
-7219
-6304
-9406
-8151
-3691
-5973
-5628
-4059
-3942
-3016
-2856
-934
-461
-503
1833
3121
1646
3722
7073
6427
7104
10050
8608
6425
8226
7307
6582
4197
4529
6126
3965
3942
3515
5556
5650
5464
8611
3730
-822
3523
3939
4810
2540
1765
3785
4649
3838
-2541
315
225
-962
-219
-2823
-2845
-4372
-5343
-5735
-7251
-7711
-8524
-8570
-8574
-9230
-9852
-10721
-8508
-9905
-10217
-5120
-8152
-9775
-3304
-1803
158
-1872
-2729
806
1154
3313
5480
5751
5503
6668
6673
6255
5515
7707
8863
7662
9996
11296
9044
10634
13111
12851
11422
11779
9371
7087
8476
6509
7326
4410
4932
3421
6
2754
849
1012
105
-276
-1502
-4174
-5835
-8475
-7353
-8521
-10774
-10923
-9297
-9951
-11347
-7436
-3057
-5553
-4795
-2093
-700
-657
-3095
-2139
-4777
-3743
-3768
-4857
-3873
-1989
-534
-206
-949
637
1851
1741
3398
1765
1487
-2255
-2481
-510
1298
4971
5477
7324
3825
5787
4959
4889
5736
4249
3936
4179
4546
4064
2336
3602
2424
287
117
-1821
-2166
-2229
-2805
-2869
-2765
-2534
-1249
745
-3662
-2836
3108
4281
1087
2080
2462
2235
3108
4387
6309
4617
5161
5296
5124
5892
4662
4170
6142
7134
7199
1326
-1563
3282
3170
1393
634
461
743
-343
-984
-1870
-3196
-4288
-4465
-6460
-7889
-4989
-8724
-7617
-7381
-8089
-9517
-13361
-9549
-10506
-12163
-11396
-6636
-4525
-5836
-5486
-2705
488
-2922
-5428
2327
6820
5335
5927
11575
11836
8703
10081
12711
12583
10174
9818
11398
11442
13684
12659
6046
9523
9799
8131
4460
2724
6352
5301
3741
3709
3930
2591
2514
1319
-311
-1947
-3205
-4081
-5017
-4516
-4596
-5949
-7717
-8766
-10510
-11355
-14274
-14084
-13842
-15129
-11823
-11671
-12630
-10872
-7061
-7093
-9543
-4882
-3015
-2706
-3200
-866
2035
-923
1474
9158
8853
8890
11440
12151
8451
10186
13949
11250
9517
10972
13455
9256
10323
11293
13191
11094
6918
8933
8191
9167
7438
6415
6448
3463
1038
-252
-2190
-2281
-4596
-4985
-3937
-6497
-7376
-9307
-10464
-12122
-12265
-13158
-10270
-8815
-9260
-9574
-6530
-5786
-5696
-3453
-436
-199
-446
2291
-65
3873
7277
8095
4369
3658
6147
3118
5181
2833
1886
1355
218
851
2058
1689
-2848
-440
2220
1202
-5050
-4081
-1172
-2523
259
367
461
1157
687
843
275
-3316
-2098
-2143
-3596
-2096
-1608
-2450
-2583
-3439
-3313
-4002
-3854
-1983
-3718
725
4758
1367
2060
8335
7255
8220
10159
11386
5061
5628
10949
8592
8956
8246
8368
8197
7380
7581
7135
7268
6516
2501
3915
3459
-2561
430
2413
486
-773
-2722
-3129
-4786
-6424
-7317
-7904
-9188
-9686
-9029
-9566
-11204
-9634
-12169
-12827
-10663
-13672
-13582
-16992
-15368
-12390
-11348
-10522
-5005
-3451
-5644
833
3437
3465
10322
10351
3815
11404
11540
11044
11165
11844
13896
11488
12514
11457
12872
12411
11889
12605
11111
10245
9529
5104
5497
2781
340
4951
3140
2450
1446
180
494
-2949
-3239
-3772
-5434
-3521
-5043
-6363
-6135
-7582
-9342
-9515
-10539
-10205
-10518
-11657
-9361
-8560
-7241
-8365
-6716
-8746
-2957
-3587
-10748
-329
-806
-59
556
1009
1936
971
2997
4107
4760
1491
4240
6357
6442
9365
9918
8668
8961
9064
6746
4628
4388
3715
6425
6293
4815
3960
4755
4122
1310
3046
2170
-745
504
803
128
-687
-572
-837
-985
-1876
-4185
-5222
-5448
-4330
-5395
-4687
-6795
-2679
-2340
-8490
-2754
2888
1954
-1351
4102
7457
4195
3929
1827
4201
4429
1746
127
-866
1381
1156
2922
2891
2741
1662
-587
-277
-2417
-3860
-3424
-7916
-7359
-4023
-6948
-5056
-3092
-5736
-7352
-7545
-4795
-5391
-3899
-1278
-1041
146
-346
-229
1067
3171
3151
2216
533
-79
-765
383
2912
31
1450
2251
7871
7765
3759
7075
8825
8650
9364
7799
8256
5231
5467
6500
6332
6368
5103
5717
3995
3937
3757
2166
4032
2901
1070
81
-8914
-5456
-2280
-6014
-5240
-7145
-7432
-7363
-8572
-9064
-8517
-8308
-6023
-7813
-7072
-5527
-4851
-5993
-8207
-7711
-12841
-11351
-11442
-15118
-13041
-10884
-10581
-15073
-10630
-4248
-1991
1261
236
723
5269
5857
2618
2363
4779
4567
5542
7880
7932
5774
7114
7432
8130
7656
5157
5601
2197
4022
4215
3206
2928
-2811
-148
97
680
-501
-1197
-673
-904
-391
-1820
-2418
776
1883
-1159
501
-5400
-4953
-2457
-6291
-6273
-7689
-7904
-8332
-9292
-7953
-9221
-8241
-9345
-9855
-2808
-4877
-6293
-5053
-3497
-1499
-4375
-3525
-2811
-3898
-2140
-1984
-3613
-3306
-2775
-979
-2934
-3545
-541
491
2112
3423
3718
4280
82
-3852
1217
2015
3185
6259
5572
5702
6371
8258
8064
8540
4467
3794
7617
6060
6498
4316
1474
56
343
339
-3843
-5857
-7103
-4678
-2933
-8155
-6281
-5266
-2242
570
-4342
-4567
-455
-1102
-3480
-1829
-1007
-2035
-4041
-2178
-877
-1564
-3551
-2795
-1971
-3451
-4792
-4068
-2511
-3831
-2616
-3148
-5795
-7233
-2908
-2472
-3569
-2848
-3242
-854
-6818
-9449
-3182
-6092
-6549
-2164
-2452
-2426
-1170
-1
-980
-1187
-1593
-1252
-4221
-3465
-1742
-2171
-797
-3471
-3605
-1587
1306
1220
-3098
46
6631
4572
4645
3199
1741
3423
1059
3027
3383
392
2091
2185
2374
2762
2431
2401
2530
2526
4204
2607
-1346
136
-519
314
3733
-930
-115
1824
-496
210
-481
-3011
-3400
-3250
-5310
-4582
-6941
-6003
-5690
-8337
-11445
-12868
-10406
-13023
-16304
-14670
-13930
-14476
-15347
-13856
-6932
-9842
-9903
-3726
-4369
-1433
-251
-953
2337
118
1318
2682
3092
4555
4471
6752
6662
6748
8817
10472
9814
9027
9550
9712
6835
6280
4764
5793
6875
4863
5798
4133
2583
4503
3358
1268
1746
553
-15
-1163
-2355
-2989
-4865
-6496
-8103
-10560
-10742
-11119
-11786
-10365
-12329
-12356
-12878
-9184
-7329
-11201
-9381
-8091
-5465
-5668
-5875
-5718
-5673
-4486
-3292
-3014
-3070
-2513
-1590
-2915
-1052
-412
1962
2886
-426
5701
1784
1719
5012
3329
4768
4783
3523
4302
5390
5825
7102
6250
7478
7117
4953
4546
3461
2355
2884
1168
-228
-1650
-3586
-2428
-5468
-6913
-9598
-9228
-6984
-10849
-10033
-8365
-6011
-5908
-7646
-5418
-318
-1297
-4291
412
137
-1530
-310
313
1701
1364
1926
673
2025
1794
863
3167
3338
2671
2684
3296
-3440
-4023
-1927
-3836
-3694
-5063
-2891
-4536
-6795
-5294
-8453
-9980
-7583
-7843
-9232
-9580
-7561
-6463
-7602
-6337
-6714
-6681
-6080
-8770
-11343
-8802
-7930
-6894
-5446
-2975
1032
-334
1791
5238
6231
5110
5095
5393
6281
5843
7947
8479
9046
8892
6264
9106
9328
10724
9718
8913
8437
7589
7610
5415
1925
-51
3292
435
-2922
-688
-943
-1306
-2442
-2770
-3501
-4561
-5824
-7640
-8402
-8980
-10078
-9813
-11066
-13679
-15017
-17237
-16847
-16251
-15628
-16036
-16503
-18654
-17202
-13622
-11558
-12126
-10076
-6196
-5266
-1559
-1524
2843
5831
2916
2966
8729
9888
6974
6864
7595
11094
11097
12037
11328
11126
11782
10755
11255
7169
5609
7830
6955
6009
2821
1472
1146
-46
2356
337
-769
-1457
-2728
-3361
-5947
-6671
-8069
-8982
-9703
-10314
-10497
-11609
-12008
-12472
-11826
-11300
-13061
-11249
-8422
-7313
-8497
-4907
-612
130
2050
-3322
-2494
-760
296
2662
1051
1746
1110
2454
1400
2035
1449
904
-1092
3029
-11
-2500
-400
-3183
339
2094
4040
3640
2245
128
1605
1286
774
1110
752
695
-756
607
-934
619
-1614
-3025
-2707
-3670
-3970
-6477
-6680
-7663
-5862
-7373
-5945
-5111
-2844
-384
58
-2694
358
4761
3951
4169
6161
4609
3999
7685
4208
5017
3656
3402
3788
938
3785
2746
1515
3051
1036
773
-816
-5282
-8615
-5697
-5643
-6218
-6344
-6635
-8729
-11062
-8430
-10250
-9761
-10708
-11655
-13785
-13199
-12848
-15252
-11249
-9591
-10717
-8614
-6430
-6334
-4178
-3406
-3328
-1475
-2619
452
1578
805
5927
9097
9072
10559
11365
12968
10117
8655
11613
10316
9498
8416
8502
8499
8105
8158
7539
7114
7127
3886
5288
2484
-2299
-340
-2040
-1285
-4866
-4614
-5891
-9155
-4587
-5292
-6487
-6001
-7229
-8294
-8447
-9738
-10723
-12103
-11110
-9789
-10172
-10210
-9663
-8798
-11330
-12131
-11035
-10832
-8515
-5842
-5826
-7314
-3746
-247
-807
-355
-2726
1002
3761
5109
7138
6088
6580
5642
5865
5607
4843
5432
6442
6812
8145
7705
8133
6532
1952
2224
3491
2422
2678
3051
1400
-865
-2217
-2603
-2253
-2043
-2928
-1538
-2018
-4099
-2522
-5
-2794
-3100
-4000
-8212
-5887
-5657
-7996
-8010
-6157
-7946
-2671
331
-5062
-3891
-100
392
-930
803
514
272
1022
2056
-855
-1267
-2671
-2185
-1746
-1611
-3898
-4499
-4782
-3987
-4701
-6688
-5223
-8565
-11863
-7939
-5328
-5257
-4678
-225
-218
-1437
-1546
-3791
-1530
-1763
-2125
1286
4209
3005
4275
1336
1132
3616
888
1140
-1959
-972
-144
-1771
-733
-1289
1664
4003
2513
-1390
1987
6368
3494
0
2962
1791
-205
3049
894
1933
1695
-1071
455
79
1051
-1562
-1150
-2427
-5905
-2931
-2979
-6169
-7351
-9526
-6161
-5170
-6576
-6347
-7413
-7516
-7056
-7168
-7892
-8061
-5307
-6254
-7561
-6602
-7447
-5935
-6274
-9335
-9645
-7502
-5893
-6673
-4313
-4828
-2929
-1782
3066
6636
-227
2344
5679
6928
6667
5877
4998
6531
8734
9714
10459
8891
7331
6885
5895
5613
2964
2695
3673
2621
2032
1155
1354
-16
-2079
-1977
6
-628
-1079
-608
-300
-1958
-613
-2385
-5090
-3823
-3050
-3304
-4424
-3410
-2978
-4980
-6185
-8017
-10052
-11013
-10225
-11429
-12184
-12063
-11766
-8984
-7747
-6946
-10358
-8391
-3032
-6334
-8302
-5723
-6611
-4821
-4678
-4126
1677
-1882
-3671
-374
2415
3240
587
706
2794
1686
2177
1232
3846
6928
977
5542
9302
8916
7425
7323
7585
3756
6086
4717
4507
4083
5092
4192
3614
2578
-149
-511
-3678
-3955
-4547
-3688
-5174
-4358
-4782
-8570
-7353
-5029
-1922
-6107
-9863
-4048
-2760
-5086
-4098
-3820
-3609
-1476
-1892
-2133
-2040
-2382
-3257
-4063
-3227
-4311
-3177
-4224
-2719
-1781
-4130
-3151
-5320
-6153
-4545
-1586
-3320
-5380
-1250
873
1780
944
3002
917
-732
2194
843
1530
2722
3751
2027
2393
2510
975
-1361
-1431
-811
-2201
-2122
-3349
-5095
-2762
734
-2685
-4544
1464
2958
1412
1794
-370
-1689
1230
-1320
837
1150
-119
472
107
1512
-318
-1323
-2781
-2200
2438
398
-25
-2309
-4991
-561
-925
190
1942
-1385
-1896
-326
-1015
-2822
-2814
-4185
-5850
-6959
-8053
-9346
-8907
-9652
-10849
-12235
-10336
-11252
-12177
-11403
-14788
-11093
-10236
-12710
-3695
-1712
-7424
-4624
-700
-401
2444
3339
1234
3565
4942
6837
7909
7368
6003
5693
7916
6728
7136
9740
10787
8507
5122
7052
7081
3895
4570
4567
5331
4299
4906
5464
4243
3743
2984
1029
595
-1167
-4697
-3793
-3870
-4931
-4687
-6309
-5973
-7465
-8233
-10044
-11843
-12943
-13568
-12875
-14540
-13683
-12433
-10411
-11144
-12099
-8871
-5159
-7821
-6916
-5386
-5961
-3801
-5112
-2233
-2116
-702
-4689
-310
3016
562
5894
2046
4239
6751
8218
6698
5329
8340
9323
8699
6499
7379
6256
6303
5742
6535
4284
5447
5703
2087
1349
596
-104
-881
-1691
-3674
-4152
-5041
-4673
-6470
-7625
-8773
-10236
-10746
-11025
-7663
-6944
-9109
-6392
-1365
-446
-263
213
1189
1435
-511
575
806
953
-49
493
2530
1352
1114
1527
1884
606
-892
-501
-3033
-2034
-2454
-2492
-2219
-1306
-3123
-4289
-1759
-4010
-5863
-5509
-3768
-3840
-5783
-2708
-3409
-1895
-2416
-2650
-2593
-4222
-3240
-5508
-6187
-7167
-5011
-5782
-3618
-4572
-3503
2746
-1162
-1306
4211
5510
5121
5683
7423
6242
2146
5571
8790
10536
8133
5311
6156
6872
6949
3848
4014
5795
4812
1359
1436
2498
1888
-679
-1879
103
-2033
-5257
-5330
-4051
-4631
-5647
-5271
-6342
-8180
-8880
-9592
-12491
-13976
-15277
-15785
-15665
-15337
-14892
-15705
-16540
-16194
-13011
-13330
-14422
-8379
-5288
-6170
-3259
5034
5537
3841
6255
8420
8122
6639
9689
9155
9149
10867
11407
13421
13370
12420
10854
11642
12904
8723
3416
5272
4916
5096
4248
4206
4382
2388
1065
-89
1287
-784
-2545
-3120
-4498
-7548
-10351
-10552
-9153
-10833
-10728
-9772
-11792
-11708
-11854
-13233
-13054
-13872
-11708
-9940
-9801
-4676
-4957
-5938
-6051
-152
2952
-455
542
-1328
-3754
-2968
65
3582
1049
-1577
-1240
557
572
-5284
-106
2639
-888
4442
2727
1684
4561
3975
995
-743
1118
24
135
2229
3303
2794
1625
1726
-1612
-962
-984
-4077
-1518
-4668
-4372
-3529
-4229
-3229
-5397
-5735
-3284
-6663
-3401
-3598
-6308
2949
2141
-2662
1917
5121
3531
4215
3763
1650
444
1978
1962
702
1169
1171
2890
2527
2386
689
-834
-1777
-217
-3628
-6585
-5336
-6441
-6051
-7289
-7846
-7580
-8605
-9276
-8652
-11218
-9885
-6856
-8657
-10084
-8449
-8817
-9693
-5995
-4906
-4497
-2318
-3198
-618
-2485
-3961
-5228
-2956
457
1421
4634
6733
7707
5725
8427
11720
12393
9660
5171
3926
5718
8566
7886
6198
7710
5171
6338
6463
6279
4558
1889
1124
1615
1238
-4751
-4358
-4056
-4794
-5707
-7203
-7229
-7494
-6084
-7473
-6730
-7854
-7211
-7545
-8609
-8641
-9768
-8973
-10493
-9343
-8770
-10242
-10809
-11372
-9707
-9104
-11237
-8753
-10816
-9853
-2670
-2566
-3907
-4662
1241
3021
2347
5086
2908
5490
7939
7045
6144
6822
7514
6651
7999
8687
9346
9967
7597
7197
5906
2615
1685
1812
2686
-131
1030
8
-364
666
-2115
-359
-1169
-2017
-1551
-2291
-2319
-3442
-2864
-4165
-4662
-3234
-4375
-3517
-4320
-5346
-6816
-6345
-7032
-7131
-7108
-7774
-5186
-911
-2061
-5841
-1269
756
-1357
-1060
-2193
-3714
-945
-1773
-2163
-4150
-3743
-1360
-2359
-5984
-5557
-2876
-5614
-7672
-7013
-3358
-5292
-3972
-1689
-190
-3336
-1211
61
937
-417
-514
3830
2292
6528
7432
4755
4335
5425
4473
2825
1981
1307
1187
292
320
-1654
-807
-1164
-3134
-1581
-2063
1708
3746
-98
-819
4505
3002
2021
2568
-652
1294
2936
2421
434
-489
-557
-636
-529
-2027
-3049
-4698
-3495
-3053
-4244
-7130
-8664
-7234
-6139
-6886
-7170
-7329
-6924
-7401
-8760
-4182
-2605
-6634
-4736
-3048
-3874
-3613
-6443
-6168
-6730
-4449
-1161
-598
-506
592
-300
-1626
-674
-1118
-1711
-1191
1696
1981
3000
2404
7162
10158
6416
6424
5482
4696
4712
3984
3681
1958
2505
-16
2907
6276
1795
-744
-1496
-780
-1622
-3518
-7088
-4516
-3430
-1996
-1807
-1906
1393
-880
-991
355
-1953
-1982
-1041
-3937
-4832
-4897
-4298
-4902
-7550
-8403
-7741
-8368
-10118
-10633
-13232
-11624
-10428
-10565
-10851
-11087
-6821
-6086
-8739
-4384
-5156
-5471
-3661
-3857
278
-379
1548
2105
-1148
3367
2937
3511
5525
4441
5655
5013
5686
5965
7027
7383
3535
4431
6091
6917
5050
5461
5670
4362
5396
4370
4503
4764
5094
3802
2840
2096
954
1490
-1088
-5525
-5515
-3939
-5856
-6172
-6919
-8947
-7922
-7747
-9117
-10532
-7837
-4113
-6027
-9660
-5655
-3074
-5430
-4687
-7048
-6754
-4626
-7483
-5170
-5840
-6463
-4042
-5475
-3728
-2937
-6028
-3446
-3101
-1940
-2793
-4658
-2851
782
1879
1457
2978
4536
5942
4011
6139
6411
4366
4760
4933
6630
6560
3786
3699
2450
1476
448
-826
495
-524
-3025
-4611
-4512
-4394
-2895
-6307
-1667
1669
-4691
-2122
-1161
-1819
-1048
-2847
-2165
-1424
-1639
179
-977
-294
976
-778
3397
2148
268
2694
1030
914
169
-699
-4660
-4291
-2648
-2239
-3389
-1378
-1902
-3712
-3054
-5106
-4821
-4257
-5305
-6040
-7851
-7692
-5270
-7294
-7373
-5653
-8746
-9615
-6833
-7339
-7895
-7203
-7005
-4948
-5353
-4741
-2022
-4588
759
-1409
2727
6663
4614
4443
4264
3773
6331
8727
8231
9387
6628
7939
7985
8512
7774
6769
7074
7628
7207
5922
4340
374
1016
397
829
2375
1506
225
-372
-666
-633
-1411
-3055
-3089
-5212
-6068
-6494
-7107
-8489
-9509
-9630
-12052
-14329
-12392
-12717
-15531
-15694
-17130
-14625
-14253
-12752
-8386
-12470
-9414
-3613
-3004
-6323
-7693
-2817
-750
2412
5492
5076
6888
6076
7872
9096
7747
10280
9957
10434
10656
9605
10877
8303
6353
7537
7186
5676
5897
6627
5756
4397
3232
2275
1902
2746
2455
-57
779
-354
-3851
-4410
-5454
-6324
-11209
-10881
-13785
-11928
-12006
-14407
-10746
-11221
-9662
-8337
-4514
-6117
-8029
-2438
195
113
-3329
-1626
1410
622
1854
1360
624
1176
1772
980
854
538
2488
-6
-466
-1558
-2238
895
-6753
-7373
-4024
-3284
-3531
-4003
281
466
-308
654
733
823
1293
-282
324
584
-694
-4263
-1847
-2985
-668
-3231
-7270
-4688
-6069
-5450
-5810
-3557
-5090
-4206
1827
3468
-195
4742
7299
6632
3791
2908
5205
4339
7855
4097
4617
4836
5242
4782
3693
5785
3711
2457
2247
3090
2340
866
-3561
-5579
-3694
-4768
-5164
-5160
-7375
-7293
-7525
-8030
-8469
-9576
-9446
-10594
-11230
-14085
-12212
-9620
-10618
-12294
-13644
-11265
-12811
-14795
-8686
-7900
-7990
-3666
-3060
-2977
1394
5587
4262
3999
10205
8533
8534
11683
9489
11282
12605
13528
13351
9717
9118
8984
8728
9208
8950
6276
5988
4533
4018
6672
2131
-2478
-5370
-2442
-789
-3159
-5358
-3901
-4011
-6721
-7748
-8382
-9625
-5820
-5954
-8466
-7578
-11423
-11656
-10633
-11757
-11415
-13836
-13559
-10488
-8997
-8565
-9452
-9138
-10176
-5300
-5276
-7593
-5244
-3143
-2655
-592
1918
-3476
-522
2521
2680
2355
3066
4680
4257
5993
4119
4636
5490
4959
4718
6551
7433
6773
4134
3699
4298
4248
3849
2111
1307
-1222
-1752
-2022
-864
-2053
-2104
-1682
-1002
-414
-1368
-245
-2190
-5277
-2900
-2315
-4657
-6753
-8041
-7843
-7900
-6666
-6368
-4835
377
-938
-2387
772
2324
3416
1656
-511
2287
494
324
215
-1235
-1627
-2453
-2919
-3643
-4397
-4100
-5339
-4725
-4926
-6794
-4030
-8832
-6216
-10205
-12684
-7521
-13199
-5035
-811
-5396
-5350
-1546
426
-3788
-5500
-539
2140
-112
1128
4510
3571
3196
2385
3391
3007
1820
635
-1137
725
582
4325
6905
4821
1767
6333
7466
6471
6267
4160
6346
5816
6484
4592
3543
2410
1188
561
-982
-1573
-1142
-2000
-2790
-1683
-2554
-3391
-6328
-7249
-7650
-7180
-8491
-7244
-7387
-6763
-7159
-8974
-6851
-5609
-7814
-8901
-5924
-5994
-5959
-6790
-5687
-6573
-5827
-7575
-6638
-4244
-9174
-9315
-5787
-4435
-4121
-3811
1017
4792
1988
2823
4826
6668
9292
7143
5578
8582
9939
9138
7663
7375
7492
5578
5320
4250
3948
3494
-363
899
993
-472
568
-4147
-5337
-3093
-2279
-1628
85
-2215
-4667
-5984
-3964
4004
-1570
-5384
-3141
-3261
-3723
-7960
-6776
-3218
-4487
-4550
-4032
-5417
-5532
-9638
-11707
-11182
-13899
-12164
-7435
-6186
-7896
-5539
-2604
-702
-1018
-3828
-4356
-3834
-5329
-1711
-935
-3385
-484
1732
820
3011
1898
1241
2405
2629
4301
2059
5225
2525
-1946
5743
8455
7562
4213
6712
9906
4409
3881
4604
2658
2910
3862
2640
3011
3142
2584
2222
285
-45
-2026
-5379
-8277
-8997
-7714
-7739
-6901
-7822
-5558
-1477
-582
-3563
-4369
-800
-2395
-2127
-2906
-3246
-3557
-3825
-4545
-5502
-2847
-6468
-6212
-4750
-4795
-5053
-5403
-3690
-3614
-6140
-4016
-1363
-5658
-3614
-5130
-5906
-4848
-3668
-248
-2705
-1006
1734
2408
2591
613
1921
5825
3953
3533
4300
4424
2009
1088
1616
-1935
-2667
-3551
-3478
-1185
-4375
-2296
3880
293
-761
1101
5042
1741
850
1034
-3666
774
1262
955
1381
50
-59
1147
390
1127
-539
-974
2778
-510
3146
3688
-1381
-3161
-2604
-1658
-2527
-2415
-3318
-4381
-4416
-4077
-4717
-5503
-5589
-5048
-5430
-7234
-6717
-8719
-9742
-7997
-8257
-9484
-14242
-9646
-7776
-11922
-9861
-7802
-6263
-6619
-2274
1212
1106
-1290
-237
3664
2461
3755
3466
4130
5607
7050
8162
9094
8492
8854
7701
7245
11113
8081
8543
7591
5500
4050
4911
5745
-344
-1552
76
349
932
-2968
-1132
1887
-183
-1780
-1425
207
-1726
-4411
-4737
-6463
-7174
-8611
-11063
-11870
-10615
-11235
-10554
-11477
-12786
-14677
-16680
-15329
-13165
-9007
-10198
-13205
-8974
-5919
-5846
-5063
-2508
-5734
-5437
17
1019
-559
6005
9625
5720
7130
8564
7545
8046
10520
9276
7466
8285
7664
5744
6304
10313
8178
9478
6801
5853
6131
4946
4772
2313
1659
1203
1955
-303
-957
-2215
-4025
-3142
-5163
-6673
-7968
-8013
-11062
-12287
-12996
-11824
-11193
-10917
-9649
-5273
-6591
-8001
-4805
-2449
-3290
606
-2664
-1346
7057
2090
1723
1629
2509
494
637
-801
-1002
2296
746
161
-2841
-3885
-1389
749
-4438
-8556
-6135
-3265
-4186
-2603
1578
622
677
770
3655
2614
-551
-1001
-1048
247
-1847
-3107
-3152
-4371
-4610
-2716
-3416
-4775
-4367
-7618
-5690
-3869
-2935
3139
-2008
-1562
2465
7059
10536
5571
4227
6608
7058
5073
7200
5080
5810
6700
5920
6384
3059
3251
1489
-333
878
-2358
-682
-666
-3252
-2884
-3857
-4543
-4885
-6131
-6677
-8757
-9220
-9624
-9328
-9971
-9436
-11690
-11751
-11182
-12185
-11604
-11304
-12665
-15577
-12624
-10258
-8923
-9517
-6826
-8753
-4729
-1375
-2155
6034
4909
2949
8468
8717
8674
9863
7688
9003
12110
13232
13514
13502
13191
10147
8492
6811
6235
6565
5215
5713
5144
3618
3205
375
-5170
-4121
-543
-2103
-1848
-4780
-4388
-2188
-6629
-6581
-6789
-10182
-9576
-9291
-11955
-11125
-11425
-10608
-11554
-10337
-10771
-13320
-11696
-9927
-13062
-10462
-6713
-10676
-6492
-3951
-5344
-3922
-1501
-2119
-2257
1094
-492
-752
570
1916
3946
5392
6044
5933
6050
6505
7701
6478
5275
6106
4619
5000
4570
4702
2495
1314
3874
2906
3335
2221
3964
52
-2596
533
-2669
-3270
-3082
-3906
-4055
-2262
-1599
-4906
-6657
-3766
-5241
-6637
-744
-2292
-6341
-7846
-6656
-4104
-3839
-2930
-2430
-1848
-2416
-712
1305
314
1489
1892
1068
2206
1115
-305
-509
-543
-756
-1159
-2637
-2548
-3264
-3297
-504
-4477
-6100
-5912
-6216
-10165
-13035
-9506
-9201
-7345
-6969
-7715
-5036
-1742
-1965
-2259
1548
2430
-1062
-891
3129
1782
4721
6151
1646
1462
1228
1667
2139
1338
-1742
-1304
-380
-466
3299
3150
3362
5337
6732
6707
6423
6598
3496
3159
3541
1943
1471
2511
1011
-433
568
444
1133
-1000
-2048
-2985
-6015
-5838
-7000
-10684
-9781
-8761
-8980
-8345
-10021
-10018
-8295
-8586
-7741
-8382
-9301
-9555
-6837
-3246
-7754
-7713
-5036
-5447
-10089
-9495
-5613
-6319
-6529
-2875
-3791
-4616
1280
-344
-182
4507
5984
4981
4753
7411
6377
9511
8881
6439
7571
8876
10044
7845
9085
6000
5722
4825
4425
4269
573
2053
1643
88
-169
-963
-4563
-6888
-7114
-5584
365
-4175
-6198
-4384
-1781
1281
-3884
-4610
-1953
-2793
-2118
-2357
-3097
-4825
-5227
-6634
-8427
-9520
-9215
-10256
-11047
-12033
-11744
-11092
-7247
-3068
-5864
-7979
-4035
-2725
-4487
-2436
-3705
-4770
-3294
-1497
2751
2276
-706
3792
1628
2114
2570
-578
3220
-54
3078
5420
4703
7185
3032
5115
5109
3673
4754
7599
8992
4345
4967
5058
4020
3138
1790
2468
2156
1552
2311
1875
-147
13
-2267
-3651
-4376
-4810
-4724
-9684
-11220
-7986
-7784
-8902
-4070
-4662
-6565
-2805
-2826
-2292
-2323
-916
-4798
-4153
-4597
-7720
-2207
-6844
-5934
-4541
-6766
-5742
-6673
-3842
-4043
-6003
-4932
-2737
-3414
-8221
-5722
-3900
-2574
1201
-2336
-1479
2373
2516
1152
2256
4995
4052
3941
4989
5483
5346
4836
3824
3130
2115
-656
-923
-190
-38
-2953
-3197
-2365
-3071
-603
-220
-1583
378
854
1060
-413
-1465
1207
-368
739
-1174
-2225
-678
-2159
-789
208
357
1217
-1330
-2300
3503
3709
182
-908
-6172
-5917
-1249
-2701
-5762
-5949
-4269
-5027
-5101
-5912
-5918
-7572
-7820
-6735
-7809
-8573
-7565
-5975
-10261
-10214
-7846
-7585
-7756
-6004
-5662
-8797
-9050
-4536
-3834
-4200
-1294
112
-146
353
4083
3596
5059
6318
4367
5457
8352
8753
8626
8667
8271
5886
9042
11865
6886
5116
5837
4990
5261
3658
4715
18
1863
3214
55
-679
-2040
1489
-463
-4250
-2528
-2994
-4824
-7643
-7776
-6003
-6851
-7422
-6627
-7806
-8949
-10458
-11396
-12993
-12729
-13797
-15507
-15600
-15712
-12530
-12471
-9070
-10198
-12379
-5746
-4038
-5241
-4533
-766
-632
615
2568
5612
10159
8778
6614
6250
8247
7893
10781
8288
7731
11546
10513
12357
8620
6505
9760
8997
7290
6067
4995
6144
3157
3779
3048
534
1102
-382
-718
-1617
-1562
-3184
-3047
-3120
-5627
-7360
-9799
-11277
-8795
-12167
-14961
-13487
-11941
-11509
-11594
-6228
-7958
-8700
-1248
-1662
-3269
-157
1647
1206
-1643
781
422
-608
1970
606
1366
-1400
-1172
-1001
-2523
-2487
-1670
-103
-2824
-6110
-5866
-6415
-3464
2109
-168
-2261
2127
1027
-581
230
1805
2163
-188
1030
2801
1167
748
-1369
-899
-1878
-5275
-3993
-6960
-6474
-4864
-6345
-3252
-1687
-2119
930
2970
-2284
3386
8128
4866
4387
5763
7472
3655
6694
6700
4912
4576
3845
3784
2618
3298
2164
489
-966
988
234
-74
-244
-4823
-6350
-5231
-6386
-7472
-8133
-9643
-9705
-9865
-9082
-9762
-9654
-10736
-11636
-9442
-7717
-12093
-12514
-9981
-9128
-7985
-6690
-3471
-4448
-7330
-6483
-3238
-1841
-565
331
4494
5150
3760
8911
10837
11949
11720
11820
12456
9211
10648
10636
10673
10293
8459
9444
8312
8062
7794
5773
4515
2972
3156
2456
638
-1999
-5197
-3063
-1300
-3278
-5022
-8430
-8277
-4891
-8358
-11272
-9766
-8973
-9297
-12857
-12031
-9454
-10812
-9437
-9542
-9764
-8571
-10800
-11450
-13410
-10807
-11647
-11287
-10582
-5757
-3240
-7500
-3088
-979
-1202
1699
2272
1773
5855
6542
5356
8419
6333
6884
7122
8279
8533
7399
7119
5346
5797
7063
6414
6904
5282
2122
2016
3315
3090
593
-47
-377
994
-2076
-4525
-3191
-5887
-2459
-850
-1839
-1538
-654
174
283
-2195
-3498
-4589
-5445
-7995
-11288
-8517
-7847
-7971
-7355
-3053
-3231
-4585
-4823
-270
977
-71
512
-1234
-2594
-2300
-1912
-1943
-3261
-4017
-4651
-3930
-2890
-5570
-4014
-3224
-3222
-6663
-7349
-5144
-5475
-7448
-7702
-1717
-3121
-4988
-4794
-1833
985
-218
289
171
3836
4748
2850
3750
5963
5101
4044
7020
5117
2244
1657
1195
-641
-2248
-1711
-1349
-920
1311
3908
4564
-343
-154
4995
4277
4328
3354
2245
576
1641
2893
2118
801
-1012
-2480
-1582
-947
-4764
-3347
-4612
-5642
-5128
-3814
-4939
-8746
-10191
-11121
-9630
-9416
-8046
-9656
-6660
-5714
-6135
-5422
-8793
-4978
-5614
-6106
-3289
-1757
-2807
-235
1833
2169
1654
65
-2543
-5311
-1492
-1370
-303
2541
2602
4347
6968
4362
3755
5738
9115
8744
5021
3756
7370
5938
4596
5581
3558
4896
2112
1379
2477
92
-1185
-3929
-2385
-2383
-983
-1414
-2877
-966
-4606
-2717
-1952
-4064
-5517
-5410
-371
-2241
-4630
-4291
-3836
-4104
-7337
-5706
-2632
-4038
-6482
-5440
-5189
-7056
-8346
-10861
-12548
-11992
-13496
-12510
-12721
-9430
-6158
-8144
-5392
-5967
-1599
756
93
1532
242
1813
487
1946
3180
4517
5287
6045
5541
8438
7463
5171
7878
6925
7886
7205
7443
6782
6263
3628
4008
6005
4471
4531
4108
3138
3970
4116
3006
3913
1134
1040
1277
-100
-713
-2239
-4089
-5312
-6745
-10000
-12337
-9646
-9574
-11068
-10864
-8861
-10963
-11630
-7522
-7355
-10559
-9886
-7218
-6715
-5664
-5321
-5943
-5324
-6075
-4833
-5147
-7647
-8153
-3727
-618
-1826
-2641
342
3078
1210
3268
4136
976
4738
2731
1368
2325
4517
7384
5055
4838
6278
8484
9137
7871
7045
5666
4288
2900
1190
-473
-1316
-2860
-3785
-5265
-5514
-5082
-6319
-6371
-6804
-5061
-8255
-8090
-5399
-4700
-5113
-6900
-3939
-156
-3422
-2645
-2201
-4209
-168
1584
1405
20
-874
1174
2432
1509
-871
-1382
228
-904
-1644
-1965
248
-1599
-5052
-7075
-4379
-3624
-4333
-4833
-5391
-4253
-3560
-6762
-4315
-1020
-3910
483
-977
-1982
-978
-2509
-4126
-5461
-6219
-1628
-1632
-6039
-4676
-3746
-1820
-5076
-4808
-982
-1421
-1275
-2465
-1733
5261
5968
4502
6703
5302
6062
6052
6534
7391
7046
5968
4880
5854
5389
4858
4280
4769
2098
626
1405
815
1906
-1927
-5166
-538
-1000
-4862
-4017
-4248
-4022
-6265
-6165
-6427
-7765
-9063
-8548
-10261
-10287
-11312
-13262
-16526
-16338
-15008
-16100
-15289
