5180
6446
5855
6302
6278
6968
7397
7603
7263
7086
6850
7938
8028
8650
8708
8544
8007
7695
8162
8381
8468
8751
8928
8693
8861
8728
8627
8520
8538
8524
8105
7586
7346
7245
7354
7602
7493
7635
7819
7767
7939
7966
7820
7749
7706
7441
7581
8003
7819
7594
7683
7572
7435
7509
7444
6950
6747
6800
6597
6330
6337
6745
6960
6589
5905
5846
6016
6167
6521
6636
6785
6453
6167
6289
6181
5869
5791
6157
5903
5735
5640
5497
5237
5135
5319
5307
5366
5386
5657
5774
5770
5548
5654
5700
5689
5676
5489
5281
4984
4914
4997
5202
5102
5038
4886
4879
4672
4376
4234
4183
4187
4142
4258
4047
3958
3824
4058
4322
4403
4494
4416
4567
4467
4407
4110
3678
3353
3052
2944
2702
2560
2317
1941
1615
1563
1717
1593
1167
817
557
368
71
-573
-1113
-1378
-1231
-1157
-748
-238
73
372
781
1020
852
1042
1288
1198
973
964
680
312
325
301
143
218
128
-99
-235
-482
-603
-671
-674
-397
-140
-147
-336
-438
-339
-413
-466
-410
-225
-62
-191
-239
-175
-76
-75
-51
-195
-384
-270
-191
-138
-340
-486
-383
-275
-384
-450
-456
-163
361
303
365
331
221
95
-94
-173
-325
-148
-117
-32
-29
-186
-388
-241
44
335
565
407
540
775
563
70
-200
-677
-829
-970
-955
-1005
-1144
-1201
-1377
-1498
-1383
-1369
-1501
-1051
-980
-621
-508
-845
-1005
-936
-831
-994
-968
-1110
-1438
-1969
-2168
-1949
-2152
-2288
-2327
-2321
-2233
-2090
-2019
-2224
-2214
-2402
-2657
-2604
-2719
-2602
-2425
-2563
-2567
-2424
-2225
-2333
-2374
-2071
-1945
-2124
-2195
-2327
-2432
-2600
-2557
-2332
-2268
-2222
-2578
-2819
-2856
-3055
-3011
-2702
-2657
-2387
-2446
-2533
-2128
-1852
-1820
-1893
-2163
-2632
-2911
-3299
-3317
-3198
-3205
-2968
-2585
-2281
-2105
-2230
-2322
-2265
-2370
-2428
-2140
-1798
-1763
-1584
-1625
-1854
-2036
-2042
-1701
-1460
-1439
-1488
-1464
-1332
-1160
-905
-801
-720
-652
-699
-777
-821
-610
-204
272
118
-227
-297
-417
-213
-99
-69
29
-174
-261
-199
-259
-239
-333
-488
-690
-654
-287
-442
-496
-360
-251
-158
-385
-178
211
304
312
287
497
352
202
389
221
-76
-312
-480
-639
-637
-666
-530
-396
-574
-809
-1025
-1305
-1478
-1514
-1729
-1972
-2259
-2319
-2214
-2107
-1917
-1429
-821
-745
-849
-649
-625
-856
-1080
-1149
-1531
-1852
-1516
-1698
-1878
-1766
-1834
-2061
-2193
-2099
-2045
-1865
-1785
-2048
-2264
-2008
-1941
-1950
-1704
-1321
-1024
-892
-957
-1120
-1314
-1406
-1507
-1790
-1594
-1213
-879
-860
-1025
-1133
-1195
-1262
-1257
-1144
-1001
-789
-526
-334
-422
-401
-373
-721
-762
-340
-314
-278
14
172
301
470
609
1019
1447
1690
2022
2371
2838
3110
3027
3176
3759
4264
4633
4965
5465
5834
5725
5820
5980
6051
6251
6466
6588
6729
6720
6530
6043
5910
6104
6244
6507
6444
6413
6301
6303
6347
6082
6010
5854
5575
5414
5161
4937
4507
4704
4898
4758
4705
4486
4550
4659
4859
4658
4473
4355
4110
3954
4068
4486
4643
4671
4821
4671
4023
3259
2679
2513
2712
2837
2746
2464
2011
1811
1428
1178
1341
1238
936
643
407
133
78
-217
-692
-1143
-1545
-1524
-1587
-1969
-2312
-2442
-2621
-2318
-2080
-1838
-1962
-2650
-2949
-2792
-2764
-3227
-3162
-3327
-3862
-3870
-3487
-3453
-3639
-3738
-3911
-3885
-3864
-3839
-3481
-3453
-3540
-3314
-2896
-2565
-2166
-1761
-1578
-1603
-1483
-853
-568
-99
306
409
556
446
312
590
785
923
1024
1324
1338
1296
1466
1559
1617
1479
1872
2233
2795
2911
3285
3514
3646
4155
4078
3911
3941
4164
4131
3972
3900
4258
4257
4273
4434
4524
4429
4458
4581
4308
3902
3510
3263
3439
3281
2532
2406
2169
2072
1968
1912
1710
1747
1865
1494
1611
1852
1920
1943
2074
2020
1765
1386
1180
1129
774
470
401
605
552
127
298
-14
-374
-389
-512
-437
-465
-384
-395
-654
-731
-388
-205
-115
-21
11
5
72
296
304
282
322
514
470
-80
-125
265
292
685
1026
775
917
1093
1277
1554
1856
2066
2185
2339
2489
2677
2746
2794
2854
2794
2639
2857
3141
3356
3311
3202
3029
2628
2561
3031
3309
3001
2837
2780
2913
2977
3192
3230
2992
3060
3118
3038
2911
2920
3036
3317
3391
3339
3537
3589
3769
4041
4083
4115
4063
4220
4202
4106
4147
4014
4007
4004
4092
4346
4299
4197
4214
4166
4133
4279
4429
4343
4242
4042
4056
4217
4167
3878
3163
2779
2592
2404
2570
2866
2661
2140
1981
1855
1823
1824
1615
1470
1491
1363
1091
881
959
1045
1144
1036
688
379
336
284
77
-30
-319
-738
-966
-1079
-1148
-1239
-1457
-1607
-1546
-1400
-1158
-522
-363
-315
-333
-649
-967
-1152
-1348
-1557
-1681
-1937
-1920
-1726
-1596
-1238
-1018
-1212
-1363
-1554
-1507
-1645
-1964
-2132
-2219
-2335
-2340
-2395
-2619
-2632
-2820
-3113
-3205
-3209
-3333
-3507
-3536
-3588
-3652
-3777
-3845
-3845
-4028
-4184
-4241
-4188
-4274
-4137
-4032
-4102
-3979
-3842
-3634
-3736
-3971
-4226
-4347
-4155
-3930
-3768
-3441
-3238
-3317
-3387
-3718
-4025
-4139
-4015
-3956
-4019
-4001
-4034
-4151
-4388
-4735
-4996
-5057
-5032
-4804
-4781
-4837
-4811
-4808
-4869
-4821
-4766
-4834
-4797
-4703
-4688
-4703
-4677
-4620
-4273
-4111
-4089
-4382
-4794
-4977
-5263
-5622
-5826
-5828
-6003
-6172
-6233
-6264
-6429
-6593
-6589
-6577
-6604
-6619
-6734
-6760
-6683
-6618
-6497
-6155
-5839
-5916
-5982
-6214
-6347
-6245
-6035
-5897
-5838
-5790
-5971
-6025
-5903
-5752
-5861
-6076
-6036
-5936
-5915
-5910
-5854
-5716
-5633
-5695
-5971
-6094
-6281
-6452
-6247
-6003
-5797
-5557
-5337
-5263
-5190
-5178
-5149
-5311
-5567
-5723
-5731
-5723
-5861
-5945
-6070
-6053
-5868
-5609
-5436
-5463
-5298
-5081
-4998
-4875
-5002
-5247
-5357
-5474
-5567
-5632
-5818
-5941
-5781
-5621
-5500
-5420
-5463
-5715
-5991
-5956
-5989
-6184
-6273
-6232
-6130
-6114
-6222
-6231
-6275
-6450
-6541
-6659
-6512
-6284
-6272
-6200
-6298
-6473
-6598
-6647
-6609
-6571
-6446
-6424
-6514
-6545
-6657
-6776
-6743
-6751
-6716
-6605
-6636
-6716
-6860
-6970
-6887
-6816
-6931
-7106
-7182
-7169
-7002
-6821
-6817
-6875
-6841
-6955
-7102
-7031
-6731
-6649
-6680
-6603
-6819
-6914
-6696
-6490
-6283
-6118
-6067
-6046
-6064
-6070
-6032
-6017
-5983
-5745
-5536
-5346
-5218
-5087
-4981
-4927
-4707
-4602
-4522
-4366
-4360
-4357
-4257
-4084
-3748
-3549
-3255
-2890
-2556
-2401
-2516
-2562
-2484
-2308
-2253
-2071
-1963
-2094
-2246
-2193
-2083
-2057
-2114
-2161
-2002
-1832
-1781
-1695
-1541
-1585
-1596
-1699
-1704
-1551
-1505
-1592
-1880
-1982
-1824
-1850
-1773
-1782
-1925
-2027
-2065
-2127
-2202
-2057
-2158
-2257
-2304
-2372
-2252
-2036
-2050
-2109
-2504
-2875
-2908
-2915
-2873
-2780
-2615
-2577
-2699
-2847
-3055
-3336
-3406
-3395
-3269
-3081
-2833
-2876
-3052
-3186
-3145
-3114
-3226
-3342
-3423
-3340
-3307
-3192
-3171
-3075
-2884
-2653
-2424
-2304
-2144
-2047
-1881
-1520
-1280
-1065
-928
-636
-378
-444
-378
-153
170
384
558
547
415
448
499
612
615
566
522
338
158
202
391
323
137
-48
-29
39
181
400
481
466
285
206
223
315
440
535
565
658
898
995
938
1038
1145
990
889
1011
994
1170
1196
1243
1376
1155
912
818
785
394
155
-72
-275
-344
-328
-592
-904
-912
-1133
-1432
-1740
-2013
-2223
-2367
-2550
-2953
-3248
-3486
-3891
-3932
-3846
-3809
-3975
-4107
-4083
-4042
-4052
-4193
-4045
-3846
-3704
-3567
-3818
-3967
-3902
-3710
-3495
-3585
-3422
-3093
-2910
-2902
-2815
-2754
-2667
-2513
-2347
-2499
-2824
-2886
-2781
-2682
-2872
-2542
-2258
-2463
-2533
-2472
-2505
-2743
-2947
-2985
-2963
-3109
-3289
-3411
-3383
-3395
-3428
-3542
-3620
-3533
-3614
-3677
-3770
-4168
-4794
-5167
-5255
-5299
-5433
-5676
-5839
-5982
-5933
-5539
-5273
-5159
-5377
-5531
-5526
-5664
-5597
-5739
-5567
-5315
-5536
-5602
-5658
-5869
-5818
-5444
-5056
-4986
-5117
-5202
-5382
-5533
-5406
-5266
-5114
-4859
-4926
-5252
-5308
-5315
-5512
-5505
-5376
-5263
-5331
-5547
-5701
-5706
-5560
-5470
-5516
-5513
-5502
-5486
-5287
-5049
-5035
-4853
-4677
-4569
-4384
-4306
-4328
-4468
-4561
-4572
-4417
-4319
-4199
-4170
-4203
-4128
-3772
-3479
-3384
-3310
-3348
-3588
-3909
-4087
-4022
-3888
-3695
-3616
-3759
-3997
-4249
-4142
-3880
-3418
-3155
-2776
-2568
-2460
-2391
-2724
-2928
-2953
-3065
-3167
-2817
-2458
-2330
-2387
-2679
-2920
-3042
-2760
-2459
-2198
-1747
-1556
-1508
-1575
-1329
-1248
-1029
-951
-973
-851
-980
-1155
-1048
-919
-1169
-929
-864
-735
-709
-738
-712
-946
-1028
-1149
-1273
-1345
-1639
-1900
-2185
-2497
-2555
-2577
-2508
-2746
-2595
-2403
-2338
-2203
-1927
-1589
-1516
-1451
-1535
-1444
-1401
-1234
-991
-801
-715
-758
-788
-808
-692
-544
-536
-597
-561
-532
-631
-573
-387
-306
-219
-166
-69
29
345
390
187
-69
-478
-773
-957
-908
-1133
-1550
-1896
-2207
-2296
-2134
-2145
-2221
-2322
-2597
-2744
-2779
-2788
-2641
-2608
-2692
-2775
-3024
-3069
-3055
-2844
-2628
-2580
-2480
-2433
-2244
-2090
-2185
-2232
-2266
-2353
-2348
-2113
-1880
-1684
-1929
-2496
-2588
-2706
-2747
-2675
-2621
-2638
-2658
-2816
-2895
-2706
-2638
-2585
-2673
-2716
-2674
-2652
-2757
-2945
-3085
-3204
-3077
-3014
-3096
-3172
-3253
-3472
-3894
-4121
-4303
-4343
-4275
-4366
-4558
-4474
-4244
-4147
-3978
-3851
-3575
-3047
-2661
-2532
-2580
-2580
-2529
-2724
-2909
-3173
-3511
-3487
-3405
-3499
-3544
-3893
-4288
-4454
-4492
-4594
-4648
-4581
-4540
-4520
-4607
-4672
-4958
-5139
-5245
-5234
-5023
-4990
-4983
-4942
-4750
-4545
-4450
-4242
-4136
-3992
-3821
-3681
-3515
-3342
-3145
-2872
-2566
-2320
-2018
-1928
-1812
-1663
-1634
-1583
-1506
-1330
-1115
-1073
-1176
-1330
-1656
-1709
-1629
-1802
-1771
-1717
-1724
-1594
-1433
-1337
-1450
-1642
-1666
-1671
-1646
-1541
-1269
-1298
-1380
-1379
-1392
-1217
-1391
-1454
-1535
-1623
-1598
-1373
-1182
-1132
-1297
-1703
-2120
-2657
-2918
-3010
-3040
-3094
-3283
-3761
-3974
-4032
-4000
-3661
-3509
-3355
-3235
-3243
-3300
-3206
-3161
-3234
-3088
-2973
-2744
-2526
-2643
-2863
-3201
-3261
-3109
-2926
-2792
-3160
-3340
-3334
-3477
-3609
-3461
-3243
-3237
-3131
-3285
-3482
-3548
-3633
-3736
-3704
-3772
-4026
-4186
-4302
-4528
-4619
-4450
-4518
-4772
-4853
-4617
-4479
-4522
-4743
-4850
-4870
-5170
-5267
-5153
-5073
-4970
-4614
-4286
-4324
-4403
-4158
-4041
-3987
-3735
-3491
-3129
-2699
-2272
-2183
-2170
-2067
-1974
-1890
-1917
-1749
-1661
-1804
-1934
-2161
-1900
-1555
-1328
-1110
-1239
-1393
-1612
-1609
-1540
-1371
-1388
-1527
-1469
-1490
-1661
-1954
-2306
-2612
-2833
-2990
-2824
-2800
-3097
-3324
-3275
-3366
-3510
-3496
-3484
-3428
-3308
-3460
-3564
-3326
-3204
-2928
-3003
-3196
-3238
-3136
-3140
-3132
-3021
-3010
-3106
-3402
-3307
-3009
-2505
-2179
-2198
-2198
-2189
-2666
-3163
-3280
-3208
-3215
-3234
-3224
-3146
-2798
-2704
-2736
-2769
-2823
-2966
-3209
-3063
-2783
-2628
-2393
-2338
-2243
-2325
-2340
-2357
-2475
-2429
-2270
-2091
-1803
-1370
-1356
-1563
-1555
-1488
-1470
-1224
-1036
-808
-602
-711
-669
-343
-59
78
92
-102
-355
-571
-555
-380
-259
-60
27
39
-159
-490
-584
-642
-685
-726
-1107
-1559
-1812
-2049
-2212
-1920
-1720
-1614
-1325
-1371
-1423
-1308
-1300
-1295
-1052
-842
-673
-526
-437
-797
-964
-859
-837
-713
-702
-545
-610
-845
-1217
-1401
-1356
-1404
-1562
-1731
-1848
-2002
-1934
-1980
-2106
-2145
-2255
-2444
-2604
-2897
-3088
-3154
-3318
-3299
-3348
-3578
-4104
-4475
-4367
-4095
-3858
-3633
-3323
-3207
-3383
-3553
-3719
-3815
-3865
-3729
-3352
-2920
-2545
-2525
-2709
-2942
-2818
-2450
-2099
-1812
-1654
-1825
-2073
-2164
-2195
-2193
-2332
-2405
-2426
-2626
-2919
-3239
-3477
-3352
-3300
-3510
-3791
-3925
-4259
-4445
-4601
-4982
-5158
-5284
-5107
-5090
-5164
-5241
-5335
-5341
-5188
-4929
-4942
-4985
-5068
-5081
-5063
-4762
-4622
-4662
-4567
-4662
-4450
-4318
-4483
-4626
-4706
-4791
-4607
-4567
-4542
-4442
-4686
-4749
-4799
-5069
-5351
-5573
-5654
-5773
-6146
-6412
-6580
-6704
-6695
-6304
-6073
-6116
-6275
-6325
-6129
-5894
-5315
-4933
-4615
-4286
-4020
-4016
-4105
-4019
-4133
-4141
-3911
-3622
-3692
-4030
-4435
-4619
-4528
-4333
-3921
-3727
-3642
-3615
-3693
-3715
-3505
-3151
-2797
-2343
-1999
-1879
-2011
-2010
-1986
-1833
-1484
-1222
-1263
-1479
-1563
-1644
-1651
-1658
-1698
-1601
-1440
-1701
-1815
-1787
-1724
-1657
-1687
-1574
-1602
-1703
-1828
-1840
-1853
-1820
-1552
-1492
-1630
-1555
-1684
-1858
-1766
-1557
-1552
-1732
-1721
-1395
-1236
-1253
-1376
-1618
-1732
-1888
-1803
-1870
-1976
-2073
-2361
-2496
-2680
-2816
-2638
-2525
-2689
-2865
-3143
-3458
-3500
-3438
-3416
-3234
-2789
-2459
-2416
-2594
-2683
-2574
-2652
-2700
-2675
-2485
-2197
-1986
-1796
-1782
-1842
-1818
-1820
-1783
-1702
-1740
-1830
-1815
-1747
-1941
-2106
-2304
-2535
-2894
-3173
-3350
-3548
-3461
-3616
-3762
-3829
-3882
-4057
-4348
-4439
-4408
-4348
-4408
-4269
-3939
-4002
-4213
-4230
-4070
-3970
-3811
-3507
-3290
-3155
-3274
-3470
-3500
-3313
-3156
-3036
-2860
-2702
-2898
-3250
-3357
-3434
-3290
-3096
-3091
-3093
-2996
-2758
-2508
-2362
-2176
-1973
-2135
-2485
-2617
-2595
-2793
-3103
-3169
-3234
-3474
-3492
-3328
-2992
-2690
-2706
-2756
-2643
-2469
-2623
-2514
-2280
-2179
-2018
-1977
-2032
-1972
-2005
-2230
-2376
-2549
-2691
-2642
-2344
-2142
-2138
-2358
-2631
-2648
-2531
-2667
-2720
-2561
-2423
-2380
-2362
-2429
-2625
-2594
-2679
-2846
-2915
-2699
-2506
-2499
-2326
-2186
-2073
-2044
-2039
-1880
-1790
-2048
-2636
-2983
-3157
-3285
-3289
-3434
-3467
-3425
-3581
-3804
-3852
-3840
-3740
-3541
-3342
-3318
-3543
-3380
-3034
-2852
-2639
-2643
-2631
-2667
-2728
-2780
-2634
-2500
-2531
-2198
-1972
-1768
-1622
-1500
-1321
-1275
-1202
-1016
-748
-538
-386
-266
40
189
81
128
154
184
215
225
19
-190
-184
-335
-412
-433
-494
-569
-791
-1137
-1239
-1120
-1036
-956
-880
-855
-1048
-1313
-1400
-1333
-1247
-1275
-1262
-1167
-1357
-1482
-1227
-927
-872
-877
-926
-1092
-1197
-1206
-1327
-1493
-1356
-1316
-1275
-1076
-1183
-1408
-1268
-1215
-1322
-1351
-1577
-1651
-1309
-1108
-1045
-969
-968
-1080
-1445
-1685
-1651
-1498
-1376
-1227
-1262
-1340
-1312
-1306
-1240
-1156
-1023
-1024
-1352
-1734
-1553
-1425
-1555
-1379
-1278
-1384
-1499
-1351
-917
-791
-794
-724
-727
-687
-787
-734
-506
-214
-168
-170
-72
-121
-139
-39
-75
9
292
331
620
773
780
970
1086
1106
1227
1524
1645
1539
1670
1663
1695
1902
1998
2029
1843
1679
1476
1276
1173
1347
1543
1529
1526
1375
1218
1207
929
676
338
-72
-259
-364
-581
-712
-893
-1202
-1581
-1939
-1937
-2066
-2173
-2268
-2323
-2380
-2600
-2744
-2629
-2525
-2523
-2458
-2463
-2592
-2686
-2561
-2541
-2609
-2448
-2289
-2125
-2037
-2037
-1873
-1856
-1914
-1797
-1619
-1489
-1392
-1495
-1684
-1942
-2141
-2224
-2378
-2536
-2800
-2931
-2987
-3041
-3013
-2962
-2970
-3170
-3286
-3150
-3035
-2957
-2852
-2912
-2893
-2784
-2757
-2789
-2861
-2904
-2988
-3064
-3084
-3108
-3139
-3124
-2948
-2774
-2851
-2909
-2910
-2857
-2889
-3079
-3159
-3286
-3461
-3594
-3575
-3404
-3375
-3495
-3728
-3905
-4130
-4268
-4125
-4064
-3973
-3817
-3778
-3744
-3614
-3590
-3566
-3509
-3528
-3596
-3582
-3415
-3366
-3400
-3358
-3342
-3348
-3318
-3036
-2824
-2759
-2670
-2608
-2284
-2059
-2033
-2051
-2015
-2104
-2458
-2700
-2828
-3053
-3185
-3130
-3128
-3240
-3436
-3482
-3424
-3516
-3550
-3584
-3593
-3636
-3733
-3765
-3616
-3273
-3054
-3012
-3100
-3174
-3247
-3103
-2953
-2901
-2914
-2935
-2779
-2701
-2566
-2365
-2359
-2461
-2467
-2210
-1955
-1877
-1705
-1600
-1585
-1562
-1562
-1497
-1501
-1445
-1155
-1136
-1190
-1328
-1629
-1478
-1219
-1166
-1321
-1461
-1574
-1726
-1573
-1388
-1598
-1834
-2000
-2288
-2452
-2536
-2460
-2286
-2089
-1795
-1669
-1627
-1540
-1750
-1962
-2010
-1920
-1761
-1497
-1225
-1231
-1283
-1381
-1406
-1464
-1463
-1414
-1494
-1518
-1488
-1572
-1673
-1765
-1710
-1699
-1957
-2321
-2598
-2797
-2993
-2913
-2773
-2819
-2797
-2645
-2543
-2541
-2462
-2231
-2055
-1965
-1869
-1726
-1598
-1455
-1242
-1132
-1271
-1533
-1548
-1496
-1391
-1032
-758
-622
-474
-131
100
203
234
371
512
607
658
585
488
140
-43
-83
-171
-262
-283
-534
-908
-1140
-1225
-989
-729
-713
-970
-1196
-1184
-1071
-1102
-1212
-1266
-1325
-1338
-1349
-1374
-1341
-1191
-1145
-1219
-1105
-792
-670
-651
-635
-615
-564
-594
-521
-244
51
213
292
228
218
209
236
320
417
437
283
155
197
206
198
99
117
175
111
23
-79
-128
-376
-415
-295
-169
-114
-120
-180
-154
-238
-186
-17
-2
38
-172
-361
-437
-601
-643
-431
-217
-93
-285
-553
-910
-1140
-1137
-1149
-1117
-1161
-1240
-1311
-1584
-2015
-2234
-2364
-2538
-2459
-2324
-2357
-2291
-2244
-2185
-2074
-1941
-1953
-1871
-1800
-1810
-1726
-1640
-1588
-1600
-1533
-1464
-1226
-1145
-1184
-1246
-1323
-1515
-1702
-1668
-1829
-1996
-2039
-1892
-1678
-1760
-2084
-2121
-1785
-1701
-1663
-1389
-1340
-1366
-1385
-1335
-1286
-1368
-1495
-1697
-1762
-1662
-1750
-1952
-2191
-2409
-2550
-2649
-2446
-2352
-2452
-2330
-2168
-2182
-2264
-2360
-2264
-2032
-1789
-1849
-2083
-2418
-2780
-2926
-2658
-2387
-2345
-2294
-2439
-2553
-2609
-2413
-2260
-2231
-2332
-2562
-2970
-3327
-3417
-3416
-3505
-3690
-3699
-3644
-3728
-3949
-4139
-4289
-4334
-4255
-4076
-3908
-3936
-4215
-4499
-4622
-4764
-4979
-5020
-4961
-4694
-4360
-4182
-4092
-4033
-4070
-4060
-3929
-3898
-3943
-4062
-4207
-4219
-3978
-3864
-3955
-4038
-3914
-3688
-3698
-3855
-3951
-4040
-4237
-4401
-4342
-4358
-4410
-4375
-4388
-4320
-4269
-4337
-4458
-4376
-4320
-4425
-4477
-4396
-4368
-4312
-4155
-4073
-3845
-3808
-4070
-4214
-4257
-4277
-4148
-3867
-3486
-3333
-3243
-3091
-3172
-3234
-3123
-3004
-3025
-3015
-3179
-3521
-3642
-3726
-3985
-4166
-4154
-4136
-4193
-4250
-4214
-4242
-4149
-3964
-3932
-3851
-3845
-3918
-4036
-4210
-4269
-4417
-4649
-4776
-4925
-4962
-4718
-4482
-4452
-4397
-4358
-4245
-4316
-4443
-4541
-4834
-5033
-5284
-5415
-5415
-5547
-5640
-5649
-5816
-5751
-5704
-5780
-5725
-5650
-5779
-5864
-5641
-5265
-5032
-4986
-5044
-5297
-5503
-5538
-5270
-5012
-4680
-4478
-4264
-3993
-3865
-3971
-4099
-3961
-3550
-3385
-3588
-3763
-3872
-3796
-3697
-3531
-3607
-3596
-3633
-3601
-3376
-3244
-3335
-3421
-3247
-3099
-3108
-3150
-3064
-3081
-3120
-2975
-2688
-2490
-2174
-1958
-1940
-2064
-2158
-2036
-2013
-1896
-1763
-1759
-1848
-1974
-1958
-1959
-1883
-1785
-1923
-2034
-1955
-1960
-2044
-1841
-1530
-1256
-1078
-1071
-1179
-1400
-1655
-1854
-1981
-2069
-2080
-2155
-2224
-2124
-1890
-1798
-1902
-1884
-1789
-1740
-1718
-1776
-1803
-1754
-1614
-1498
-1462
-1217
-1043
-932
-604
-297
-226
-155
-79
-10
77
64
37
-59
-165
-314
-328
-298
-379
-501
-536
-433
-272
-132
-161
-162
-216
-156
-176
-179
16
0
-1
-107
-260
-351
-356
-259
-161
-209
-309
-364
-241
-40
3
18
30
10
-72
-68
-223
-327
-328
-335
-448
-557
-586
-655
-708
-711
-577
-409
-318
-223
-85
-261
-621
-839
-990
-1128
-1126
-1039
-896
-801
-718
-803
-1044
-1293
-1339
-1055
-809
-869
-1068
-1308
-1589
-1755
-1783
-1741
-1805
-1779
-1681
-1671
-1764
-1859
-1813
-1665
-1686
-1828
-1854
-1744
-1722
-1735
-1653
-1630
-1791
-1906
-1702
-1724
-2009
-2013
-1977
-1970
-1722
-1428
-1378
-1560
-1441
-1175
-1055
-1002
-863
-720
-714
-520
-407
-303
-29
68
70
145
95
11
77
160
176
329
296
-10
-164
-266
-150
-83
-21
105
162
215
108
-53
-208
-214
-130
-56
-72
-235
-491
-806
-1117
-1227
-1115
-1056
-989
-850
-946
-1055
-931
-758
-567
-371
-150
-214
-602
-757
-718
-772
-541
-241
-79
-38
-161
-272
-147
-72
-167
-39
68
-51
-180
-53
-201
-139
60
130
179
30
-131
-162
-126
-124
85
136
173
182
168
255
203
-20
-150
-212
-291
-368
-580
-852
-859
-963
-1324
-1628
-1974
-2281
-2406
-2448
-2432
-2437
-2338
-2035
-1955
-1843
-1536
-1423
-1555
-1478
-1311
-984
-632
-573
-629
-546
-435
-315
-233
-142
19
125
70
51
187
-21
-18
95
341
509
544
823
992
981
1024
1116
1097
998
1067
1090
1027
1016
958
1045
1063
1172
1146
929
882
1031
935
846
988
1118
1232
1173
965
947
1178
1176
1289
1561
1698
1423
1096
1271
1455
1710
1893
1806
1589
1293
1210
1272
1358
1350
1565
1813
1896
2068
2068
2137
2182
2049
1877
1740
1759
2005
2186
2312
2504
2459
2466
2599
2757
2886
2847
2910
2840
2554
2657
2593
2517
2760
2794
2646
2698
2834
2885
2980
3089
3408
3400
3207
3330
3639
3840
3978
4015
3733
3610
3587
3469
3602
3952
4256
4343
4256
4201
4203
4180
3989
3870
3993
4112
4067
4038
4115
4175
4153
3925
3785
3823
3873
3871
3765
3536
3384
3351
3175
3223
3444
3541
3676
3892
3828
3701
3799
3785
3769
3884
4086
4191
4079
4029
4046
4179
4211
4221
4249
4307
4393
4391
4417
4529
4690
4609
4706
4931
5240
5345
5428
5593
5499
5418
5477
5555
5580
5266
4939
4736
4513
4619
4631
4512
4357
4268
4100
3784
3420
3503
3593
3306
3155
3032
2708
2533
2431
2329
2439
2383
2160
1695
1387
1550
1666
1532
1533
1601
1442
1237
1366
1446
1436
1529
1602
1710
1771
1830
1731
1739
1814
1704
1924
2124
2082
2067
1752
1661
1856
2133
2313
2208
1989
1856
1890
1880
1918
1981
1992
1998
2227
2116
1971
1985
1824
1763
1921
2122
2147
2139
2110
1968
1833
1691
1621
1924
1998
2011
2073
2121
2112
1860
1563
1461
1450
1460
1450
1185
825
617
727
896
896
839
800
638
463
411
455
469
306
70
-40
-199
-158
-81
-2
-18
-259
-211
137
75
-49
118
109
265
218
135
49
-166
-315
-252
-178
-265
-234
-168
-263
-553
-488
-357
-634
-814
-946
-1150
-1362
-1388
-1168
-1150
-1129
-1050
-959
-1048
-1217
-1141
-1012
-746
-412
-468
-529
-291
-254
-125
60
136
73
177
356
275
317
329
462
435
535
655
671
616
288
237
358
649
734
649
614
552
287
-65
34
214
430
603
696
838
841
905
878
900
1011
1015
952
1039
1292
1517
1422
1289
1233
1089
805
378
406
534
481
493
658
609
517
348
438
884
1292
1582
1453
1246
1288
1395
1371
1425
1461
1489
1390
1389
1086
630
507
587
793
875
853
806
701
467
307
433
584
606
670
444
300
158
117
204
187
195
5
62
201
301
314
203
376
526
719
876
1207
1513
1487
1434
1334
1266
1225
1239
1110
1286
1289
1127
1123
1452
1742
1741
2038
2263
2470
2354
2268
2256
2153
2168
2091
2179
2257
2002
1755
1877
2220
2160
2186
2616
2808
2723
2659
2678
2817
2803
2784
2826
2489
2453
2426
2204
2359
2592
2650
2795
2737
2683
2865
3110
3206
3298
3452
3396
3460
3367
3129
2847
2819
2774
2540
2330
2133
2084
1887
1628
1469
1502
1445
1328
1266
1381
1623
1490
1476
1625
1551
1266
1052
846
656
584
513
522
341
262
344
424
494
473
204
-25
3
6
-18
-402
-673
-747
-985
-964
-717
-695
-908
-860
-688
-457
-436
-374
-259
-525
-501
-355
-587
-737
-499
-277
-34
121
113
254
395
489
835
1093
1181
1300
1169
1003
1068
1145
1083
1226
1367
1315
1249
1064
1105
915
476
324
339
363
541
788
503
203
273
505
620
777
932
1004
999
834
752
787
789
700
655
368
171
304
321
306
262
298
246
2
-19
41
154
363
587
437
32
-143
-96
-34
108
61
-46
-127
-264
-221
-495
-667
-725
-1055
-1469
-1820
-1727
-1502
-1774
-1899
-1766
-1999
-2034
-1702
-1571
-1435
-1186
-1326
-1480
-1620
-1857
-1603
-1302
-1432
-1731
-2055
-2214
-2229
-2319
-2574
-2656
-2633
-2876
-3072
-3096
-3220
-3470
-3412
-3273
-3260
-3182
-3049
-2991
-3073
-3130
-3232
-3223
-3145
-3231
-3335
-3501
-3799
-4107
-4104
-3987
-4009
-4098
-4271
-4365
-4316
-4427
-4762
-4890
-4978
-4988
-4808
-4562
-4327
-4076
-3975
-3814
-3380
-3114
-3073
-3204
-3295
-3247
-3169
-3013
-2967
-3044
-3126
-3402
-3468
-3489
-3399
-3291
-3350
-3102
-2764
-2604
-2565
-2578
-2744
-2813
-2650
-2332
-2166
-2326
-2279
-2227
-2166
-2005
-2076
-2192
-2370
-2257
-2082
-2238
-2347
-2335
-2402
-2500
-2680
-2730
-2596
-2585
-2953
-3076
-3160
-3298
-3205
-3228
-3061
-3150
-3256
-3296
-3291
-3334
-3401
-3502
-3606
-3668
-3779
-3827
-3906
-4051
-4107
-3983
-3928
-3884
-3826
-3837
-3927
-3902
-3790
-3604
-3708
-3712
-3602
-3395
-3330
-3296
-3156
-3309
-3180
-3112
-3194
-3156
-2957
-2831
-2878
-2919
-2915
-3125
-3324
-3338
-3044
-2818
-2765
-2708
-2938
-3107
-3215
-3461
-3505
-3493
-3513
-3293
-3430
-3547
-3453
-3131
-3033
-3220
-3043
-3010
-3116
-2915
-2568
-2377
-2248
-2002
-1906
-1918
-1721
-1575
-1491
-1477
-1584
-1542
-1323
-1325
-1177
-1083
-1010
-866
-703
-574
-598
-534
-591
-544
-309
-210
-222
-284
-449
-564
-689
-794
-825
-629
-820
-860
-812
-1144
-1342
-1249
-910
-755
-686
-740
-979
-1328
-1525
-1414
-1299
-1288
-1193
-1186
-1215
-1140
-948
-675
-385
-381
-406
-548
-616
-740
-978
-1144
-1296
-1411
-1741
-1846
-2048
-2352
-2647
-2742
-2539
-2312
-2322
-2393
-2452
-2485
-2518
-2444
-2321
-2294
-2201
-2188
-2343
-2481
-2503
-2584
-2659
-2813
-2779
-2847
-3001
-3172
-3468
-3660
-3613
-3402
-3346
-3050
-2609
-2618
-2764
-2786
-2623
-2671
-2829
-2955
-3081
-2861
-2794
-2803
-2733
-2533
-2632
-2559
-2079
-1792
-1651
-1588
-1559
-1464
-1389
-1600
-1442
-1086
-956
-1116
-1216
-1076
-1042
-979
-825
-635
-576
-467
-351
-230
-57
0
4
-155
-221
-344
-569
-500
-378
-361
-576
-740
-630
-806
-1064
-940
-838
-722
-635
-753
-823
-760
-920
-1208
-1377
-1539
-1554
-1584
-1704
-1871
-2250
-2375
-2076
-1927
-1932
-1807
-1581
-1640
-1701
-1770
-1639
-1418
-1487
-1457
-1435
-1410
-1426
-1599
-1592
-1581
-1417
-1064
-1175
-972
-599
-492
-460
-297
-67
-196
-438
-242
94
145
11
-41
140
187
233
291
530
665
516
654
868
1005
1115
1044
955
837
882
845
828
1133
1251
1045
932
984
1264
1420
1366
1737
1757
1780
2085
2034
1734
1656
1744
1654
1433
1344
1208
1075
1100
986
934
889
776
815
801
818
816
617
713
713
931
1304
1452
1256
1125
1271
1320
1417
1675
1869
1706
1600
1652
1905
1906
1768
1843
1907
1905
2099
2199
2268
2254
2065
1978
1978
2022
1991
1925
1927
2022
1893
1973
1835
1563
1572
1742
1738
1576
1607
1605
1658
1741
2043
2234
2230
2191
2197
2280
2404
2726
2931
3013
3088
3088
3025
3102
3298
3225
3125
3219
3351
3183
3017
3025
2916
2889
2961
3088
3115
3181
3273
3328
3502
3639
3679
3666
3496
3255
3279
3375
3498
3342
3218
3273
3424
3714
3957
4071
3780
3879
4084
4173
4377
4606
4406
4166
4429
4542
4703
4912
4984
4951
4922
4926
4863
4823
4535
4441
4698
4901
4888
4753
4894
4840
4866
4891
4653
4598
4367
4153
4117
4130
4408
4403
4475
4697
4855
5116
5218
5157
5163
5235
5328
5601
5646
5544
5592
5623
5452
5438
5919
6246
6337
6498
6391
6664
6949
7160
7360
7366
7288
7112
7272
7330
7051
6618
6225
6274
6353
6096
6160
6083
5950
5969
5969
5932
6104
6176
6014
6318
6533
6478
6506
6535
6537
6535
6582
6492
6262
6341
6363
6050
5983
6008
5947
5901
5868
5771
5556
5716
5803
5781
6122
6350
6254
6151
6048
6069
6016
5945
5815
5668
5581
5486
5698
5821
5847
5772
5542
5321
5352
5336
5374
5605
5670
5677
5687
6026
6172
6013
6113
6085
5948
6114
6353
6312
6120
6031
6070
6051
6155
6336
6325
6137
6005
5853
5777
5804
5780
5832
5807
5840
5773
5800
5866
5786
5925
6011
6010
5832
5307
4885
4721
4566
4535
4766
4954
4906
4679
4471
4326
4322
4403
4686
4782
4473
4426
4308
4069
4153
4299
4292
4205
4091
4130
4031
3801
3615
3577
3444
3113
2713
2241
2014
1945
1836
1785
1882
1890
1821
1742
1803
1840
1695
1427
1340
1375
1327
1527
1784
1748
1735
1694
1456
1425
1245
834
545
366
398
371
204
110
-38
0
173
66
-86
-79
-99
123
442
491
402
131
-248
-571
-600
-426
-504
-770
-966
-1075
-1294
-1354
-1104
-853
-737
-741
-606
-401
-354
-386
-329
-171
-40
81
147
286
620
714
720
899
921
613
596
632
517
480
151
72
215
189
65
-135
-531
-915
-1126
-1280
-1422
-1534
-1634
-1905
-2098
-2142
-2075
-2011
-1837
-1584
-1605
-1445
-1175
-1025
-1024
-1242
-1461
-1598
-1703
-1884
-1990
-1912
-1936
-2042
-1848
-1754
-1834
-1957
-2120
-2453
-2566
-2587
-2767
-2635
-2623
-2711
-2732
-2560
-2538
-2490
-2371
-2304
-2112
-1879
-1639
-1630
-1621
-1622
-1708
-1675
-1669
-1504
-1167
-999
-801
-895
-932
-937
-1049
-1096
-1014
-806
-678
-716
-873
-885
-895
-794
-867
-794
-642
-686
-644
-734
-817
-635
-578
-625
-782
-1175
-1401
-1596
-1852
-2162
-2435
-2574
-2703
-2801
-2797
-2726
-2673
-2746
-2665
-2563
-2452
-2313
-2302
-2129
-1905
-2029
-2320
-2179
-2075
-2086
-2117
-2052
-1844
-1813
-1912
-2089
-2054
-2167
-2494
-2700
-2558
-2456
-2664
-2744
-2623
-2375
-2261
-2067
-1927
-1921
-1914
-1831
-1621
-1429
-1258
-1213
-1118
-1317
-1397
-1186
-1109
-1098
-1327
-1571
-1774
-1894
-1890
-1805
-1663
-1701
-1705
-1660
-1760
-1839
-1870
-1922
-1789
-1422
-1472
-1602
-1690
-1850
-2109
-2436
-2389
-2161
-2075
-2083
-1893
-1896
-2202
-2562
-2483
-2248
-2312
-2192
-1988
-2043
-2154
-1955
-1536
-1178
-997
-947
-1129
-1431
-1740
-1808
-1749
-1744
-1668
-1881
-2045
-2047
-2047
-1950
-1733
-1561
-1530
-1690
-1878
-1864
-1912
-1885
-1636
-1541
-1701
-1801
-1716
-1733
-1970
-2059
-2055
-1998
-1979
-1879
-1784
-1654
-1681
-1842
-1780
-1779
-1765
-1725
-1620
-1486
-1487
-1425
-1308
-1286
-827
-409
-480
-535
-458
-621
-771
-680
-429
78
421
268
-63
-238
-426
-688
-570
-299
-119
73
136
257
270
219
172
387
604
665
788
1064
1342
1391
1442
1546
1680
1858
2061
2136
1995
2061
2236
2410
2720
2786
2819
2786
2730
2619
2545
2896
3114
2997
2927
2742
2764
2656
2452
2382
2095
1749
1424
1447
1397
1171
945
810
812
1005
1058
963
893
700
657
482
418
558
661
680
605
696
933
1133
1411
1835
1969
2084
2178
2038
2015
2052
2162
1999
1842
1906
1891
1987
1927
1826
1965
2178
2297
2198
2002
1948
2081
2301
2437
2528
2569
2839
3112
3089
3053
3067
3140
3069
3082
3081
2931
2875
2970
3139
3374
3587
3923
4110
4252
4622
4898
5007
4768
4648
4606
4695
4690
4474
4432
4486
4487
4505
4546
4657
4806
4733
4710
4602
4504
4320
4085
4145
4111
4025
3838
3554
3760
3934
4026
4129
4192
4414
4455
4472
4617
4931
4984
4850
4862
4893
4905
4981
4998
4858
4723
4647
4758
4842
4810
4795
4868
4762
4666
4579
4519
4527
4341
4127
3946
4071
4078
4143
4290
4286
4246
4120
4035
4001
3946
4070
4362
4484
4700
4903
5098
5267
5203
4998
4986
5096
5230
5440
5771
6021
6102
6212
6251
6359
6551
6626
6773
6872
6599
6612
6654
6717
6781
6712
6720
6681
6839
6936
6990
7167
7342
7435
7606
7882
8089
8024
8137
8297
8134
7976
8003
8135
8126
8311
8622
8597
8248
8082
8027
8046
8075
7935
7985
8001
8069
8279
8559
8705
8559
8442
8522
8541
8443
8373
8324
8342
8087
8023
8150
8234
8548
8700
8783
8963
8989
9056
8858
8523
8328
8145
8195
8157
8139
7920
7635
7438
7229
7011
6933
6981
7142
7325
7247
7243
7079
7029
7063
7097
6923
6670
6615
6474
6207
5983
5863
5697
5643
5577
5529
5684
5923
5927
5753
5463
5290
5234
5131
5221
5405
5360
5124
4924
4971
4923
4741
4781
4736
4828
4966
5092
5188
5160
5044
4773
4620
4592
4483
4525
4760
4697
4773
4822
4768
4855
4675
4361
4333
4421
4479
4678
4731
4756
4833
4969
5064
5193
5307
5321
5456
5463
5305
5151
5050
4846
4469
4008
3672
3294
2934
2835
2718
2479
2269
2271
2229
2058
2081
2265
2267
1952
1548
1361
1171
850
554
287
186
279
307
411
439
385
326
290
273
-47
-93
0
-45
-172
-180
-122
7
90
-68
-34
-132
-461
-686
-612
-520
-555
-388
-433
-697
-768
-790
-680
-488
-374
-319
-288
-170
9
134
119
-110
-268
-336
-558
-648
-569
-712
-951
-1241
-1501
-1414
-1051
-904
-863
-692
-601
-599
-573
-477
-576
-519
-397
-580
-996
-1243
-1354
-1617
-1905
-2062
-2207
-2378
-2241
-2061
-2032
-2137
-2165
-2160
-2194
-2028
-1985
-1932
-1884
-2032
-2150
-2148
-1956
-1866
-1846
-1981
-2169
-2343
-2564
-2644
-2603
-2593
-2687
-2776
-2754
-2892
-3185
-3411
-3644
-3641
-3614
-3759
-3930
-4102
-4199
-4349
-4622
-4664
-4759
-4827
-4858
-5028
-5089
-5071
-4979
-5249
-5374
-5204
-5084
-4920
-4858
-4848
-4929
-5015
-5227
-5582
-5942
-6059
-5990
-5824
-5718
-5790
-5810
-5787
-5601
-5318
-5214
-5206
-5212
-5218
-5195
-5257
-5149
-5045
-5026
-5066
-5235
-5369
-5437
-5372
-5088
-5200
-5487
-5563
-5566
-5430
-5282
-5098
-5002
-4859
-4800
-4791
-4798
-4712
-4741
-4723
-4440
-4155
-3888
-3679
-3590
-3599
-3466
-3372
-3162
-3014
-3030
-3048
-3167
-3421
-3691
-3915
-4082
-4249
-4491
-4612
-4709
-4661
-4721
-4871
-5090
-5319
-5442
-5508
-5273
-5262
-5453
-5638
-5814
-5752
-5668
-5733
-5664
-5756
-5742
-5451
-5189
-5069
-5098
-5138
-5434
-5455
-5404
-5420
-5362
-5289
-5312
-5360
-5209
-5049
-4770
-4667
-4600
-4525
-4680
-4865
-5030
-5129
-5160
-5246
-5287
-5382
-5515
-5682
-5848
-5834
-5790
-5634
-5291
-4922
-4720
-4711
-4702
-4535
-4305
-4141
-4010
-3928
-4036
-4022
-3895
-3827
-3708
-3533
-3324
-3111
-2930
-2868
-2759
-2552
-2317
-1968
-1612
-1384
-1161
-866
-364
-7
215
353
233
173
97
123
111
-17
-80
-66
46
21
-11
-5
-11
86
289
436
456
557
732
801
930
963
877
859
851
904
973
1052
1004
1023
915
785
768
825
938
878
775
836
1054
1151
1139
1173
1201
1136
1121
1143
1209
1182
1087
838
783
736
512
578
793
1044
1371
1795
1998
1994
1946
2113
2229
2367
2679
2768
2729
2594
2662
2749
2687
2805
2876
2826
2739
2806
3098
3386
3539
3727
3872
3933
4027
4155
4398
4409
4388
4572
4914
5249
5402
5385
5187
5115
5169
5118
5035
5054
5152
5144
5137
5002
4720
4616
4515
4514
4419
4194
3938
3728
3723
3710
3812
3942
4029
4050
3972
3872
3812
3878
4006
4158
4316
4219
3838
3365
3134
3113
3056
3109
2878
2386
2100
2076
2097
2227
2549
2659
2704
2826
2817
2754
2759
2756
2724
2752
2774
2739
2618
2436
2215
2096
2193
2212
2176
2031
1933
1874
1942
2027
1904
1830
1651
1590
1525
1613
1718
1650
1547
1435
1202
1121
1300
1372
1379
1031
751
753
774
685
716
795
817
935
1245
1652
1832
1864
1784
1693
1510
1525
1730
1715
1621
1453
1250
1032
770
807
1083
1351
1440
1386
1358
1334
1356
1382
1297
1060
649
109
-193
-291
-348
-412
-644
-968
-1146
-1228
-1261
-1248
-1322
-1482
-1611
-1653
-1585
-1429
-1277
-1347
-1549
-1677
-1563
-1292
-1140
-922
-870
-925
-1030
-1095
-1148
-1046
-758
-631
-562
-587
-590
-409
-151
-25
-42
-277
-472
-487
-552
-616
-624
-624
-465
-377
-542
-643
-732
-893
-1139
-1361
-1410
-1635
-1921
-2076
-2094
-2100
-2125
-2029
-2051
-1927
-1934
-2162
-2358
-2565
-2716
-2842
-3017
-2970
-2682
-2524
-2475
-2516
-2421
-2261
-1969
-1459
-1094
-999
-1135
-1304
-1174
-1065
-1109
-1137
-1210
-1301
-1222
-928
-873
-775
-741
-838
-938
-1036
-1054
-1116
-1090
-1189
-1322
-1304
-1194
-1158
-1126
-1224
-1301
-1262
-1154
-873
-789
-823
-851
-866
-919
-1053
-1097
-1242
-1478
-1525
-1597
-1729
-1949
-2243
-2476
-2472
-2333
-2296
-2219
-2276
-2437
-2504
-2510
-2486
-2463
-2527
-2745
-2691
-2560
-2441
-2236
-2075
-1947
-1903
-1916
-2161
-2357
-2448
-2485
-2542
-2872
-3348
-3565
-3742
-3904
-4030
-4171
-4186
-4179
-4034
-3823
-3698
-3746
-3847
-4031
-4177
-4101
-3985
-3990
-3894
-3976
-4167
-4248
-4163
-4035
-4093
-4134
-4201
-4238
-4238
-4109
-4220
-4313
-4377
-4498
-4530
-4601
-4650
-4610
-4484
-4383
-4243
-4028
-3718
-3638
-3528
-3294
-3152
-2915
-2680
-2631
-2609
-2642
-2541
-2334
-2108
-1874
-1727
-1600
-1635
-1618
-1580
-1504
-1358
-1107
-884
-767
-673
-637
-547
-502
-388
-224
0
129
162
65
-81
34
-36
-254
-275
-304
-441
-480
-534
-582
-611
-713
-918
-1106
-1213
-1297
-1269
-1317
-1448
-1549
-1507
-1480
-1329
-1171
-1247
-1392
-1558
-1686
-1749
-1558
-1379
-1297
-1269
-1150
-1111
-1236
-1245
-1365
-1555
-1923
-2154
-2158
-2114
-2180
-2307
-2226
-2221
-2259
-2447
-2646
-2696
-2562
-2152
-1967
-2017
-1847
-1701
-1642
-1509
-1440
-1448
-1445
-1498
-1486
-1292
-969
-669
-670
-815
-960
-778
-472
-312
-174
-244
-502
-736
-706
-619
-646
-505
-418
-531
-632
-782
-788
-814
-964
-1057
-1181
-1348
-1587
-1768
-1779
-1799
-1755
-1670
-1784
-1853
-1851
-1925
-2000
-2026
-2119
-2257
-2470
-2648
-2753
-2904
-2984
-3052
-3160
-3232
-2960
-2639
-2334
-1950
-1735
-1759
-1710
-1443
-1184
-934
-737
-603
-582
-581
-536
-307
-208
-276
-298
-284
-188
-41
-82
-259
-246
-223
-252
-185
-89
-122
-304
-470
-499
-613
-523
-415
-344
-324
-420
-422
-462
-627
-912
-1050
-1169
-1289
-1303
-1194
-1048
-992
-1062
-1002
-753
-531
-286
-234
-397
-605
-922
-1087
-1063
-1129
-1219
-1314
-1155
-1022
-1012
-888
-949
-1082
-1100
-1003
-793
-470
-370
-509
-602
-575
-766
-1150
-1259
-1231
-1023
-664
-641
-636
-457
-160
164
449
637
477
321
368
422
520
638
627
654
627
651
583
603
637
595
550
582
518
298
211
42
-194
-312
-218
-300
-308
-400
-443
-373
-328
-233
83
332
120
-64
-105
-207
-416
-314
-115
-160
-340
-406
-351
-286
-331
-353
-350
-505
-803
-938
-1001
-1181
-1366
-1473
-1414
-1526
-1596
-1671
-1768
-1843
-1991
-2133
-2180
-2187
-2285
-2250
-2213
-2312
-2541
-2668
-2495
-2356
-2397
-2508
-2808
-3079
-3267
-3336
-3335
-3413
-3589
-3586
-3270
-3091
-3001
-2855
-2722
-2553
-2300
-2180
-2113
-1961
-1766
-1700
-1443
-1184
-1306
-1362
-1244
-1230
-1228
-1082
-770
-488
-306
57
344
632
810
882
988
1134
1275
1301
1221
1199
1282
1306
1296
1222
1221
1173
1113
1302
1645
1870
1904
1945
1912
1813
1916
2098
2188
2197
2197
2075
1907
2043
2117
1912
1759
1512
1333
1367
1537
1692
1682
1619
1550
1537
1594
1893
2169
2416
2523
2455
2514
2585
2742
2976
3320
3463
3408
3353
3372
3543
3691
3759
3840
3824
3712
3757
4001
4300
4357
4372
4463
4475
4405
4409
4258
4090
3999
3888
3816
3773
3824
3715
3457
3149
2853
2639
2521
2405
2362
2314
2238
2090
2048
2116
1963
2011
2188
2148
2029
1721
1485
1583
1827
2089
2295
2518
2604
2568
2588
2631
2756
2718
2545
2418
2114
2040
2163
2220
2382
2596
2691
2490
2206
2007
1918
2137
2439
2441
2282
1989
1746
1493
1307
1306
1203
999
656
405
263
144
95
155
139
59
16
3
-12
-22
-79
-298
-564
-835
-1078
-1243
-1194
-1167
-1129
-1140
-1228
-1307
-1422
-1317
-1149
-914
-761
-747
-670
-646
-622
-629
-662
-677
-700
-748
-897
-1135
-1341
-1325
-1353
-1502
-1696
-1919
-1989
-2084
-2252
-2346
-2287
-2325
-2528
-2647
-2623
-2472
-2318
-2286
-2273
-2253
-2228
-2232
-2311
-2367
-2280
-2205
-2420
-2650
-2631
-2458
-2506
-2683
-2791
-2716
-2518
-2428
-2335
-2143
-2069
-2293
-2261
-1961
-1858
-1920
-1965
-1935
-1922
-1899
-1762
-1572
-1382
-1270
-1086
-857
-683
-466
-240
-102
-93
-173
-271
-435
-582
-532
-484
-525
-603
-586
-554
-547
-599
-517
-288
-182
-127
39
149
103
88
134
99
-150
-297
-200
-115
-103
-43
-190
-355
-452
-534
-824
-1224
-1343
-1326
-1242
-1176
-1072
-998
-871
-930
-1052
-1091
-1108
-1188
-1201
-1033
-977
-885
-844
-792
-867
-826
-655
-558
-356
-364
-467
-457
-460
-415
-285
-171
-140
-238
-160
-195
-318
-284
-394
-349
-163
-49
-68
-73
-23
-135
-133
-148
-230
-197
-213
-286
-343
-198
-10
40
217
325
308
485
469
468
516
604
695
745
907
887
666
598
790
774
713
598
427
73
-230
-197
17
68
7
25
-31
-140
-266
-221
-218
-278
-368
-255
-215
-226
-170
-175
-319
-603
-728
-731
-583
-473
-421
-498
-643
-740
-687
-395
-127
-10
-19
23
145
290
406
323
224
99
90
147
46
-88
-155
-32
196
315
331
352
155
59
-21
-80
-167
-394
-451
-450
-410
-281
-234
-404
-545
-681
-691
-753
-664
-550
-490
-313
-141
108
205
336
449
428
436
626
837
981
1068
1096
1137
1260
1487
1674
1677
1649
1767
1934
2059
2178
2208
2018
1919
1843
1807
1868
1911
1922
1966
2160
2362
2456
2354
2169
2015
2045
2117
2142
2125
1977
1899
1890
1824
1664
1633
1937
2155
2150
2170
2137
2174
2391
2575
2647
2759
2838
2880
2838
2888
3111
3293
3337
3399
3615
3714
3746
3848
3948
4043
4057
3744
3718
3693
3416
3351
3520
3709
3701
3662
3500
3410
3341
3304
3252
3158
2962
2842
2892
2982
3050
2988
2939
2885
2827
2814
2855
2718
2540
2449
2466
2472
2369
2236
2183
2292
2346
2354
2306
2171
2048
2075
2115
2090
2065
2035
2069
2088
2057
1988
2132
2341
2272
2115
2157
2260
2302
2379
2439
2507
2346
2041
1925
1943
1877
1793
1819
1780
1683
1603
1603
1685
1940
2162
2296
2307
2325
2594
2787
2923
2935
2771
2497
2409
2338
2298
2298
2129
2020
2083
2230
2303
2332
2357
2403
2329
2331
2480
2786
2920
2857
2820
2862
2979
3046
3132
3246
3237
3148
3109
2983
2970
3021
3016
3044
3270
3431
3391
3266
3128
3207
3511
3924
4240
4393
4435
4435
4466
4582
4764
4975
4950
4716
4572
4416
4263
4266
4229
4082
3957
3851
3877
3908
3901
3988
4102
4241
4373
4684
5027
5134
5178
5199
5192
5185
5221
5245
5202
5065
4898
4787
4944
5116
5205
5371
5407
5474
5583
5581
5558
5614
5690
5770
5648
5325
5064
4982
5152
5318
5386
5417
5235
5032
4852
4732
4715
4721
4844
4827
4712
4715
4800
4849
4879
4864
4805
4809
4848
4795
4734
4737
4705
4635
4544
4469
4299
4176
4097
3886
3611
3481
3427
3273
3196
3321
3474
3523
3592
3563
3621
3655
3695
3802
3756
3889
3842
3709
3661
3619
3583
3533
3493
3298
3170
3069
2995
2917
2831
2652
2451
2306
2104
1897
1619
1333
1156
1080
1065
1135
1204
1103
825
817
868
956
1091
1218
1415
1466
1491
1478
1497
1395
1409
1458
1432
1331
1184
1061
960
922
962
1117
1119
1153
1124
1177
1280
1320
1447
1601
1809
1924
1944
1923
1921
2076
2154
2117
2220
2397
2446
2377
2387
2258
1984
1829
1755
1800
1826
1782
1598
1395
1345
1256
1160
1132
1173
1130
1036
1048
959
735
675
697
871
944
763
759
889
996
1126
1372
1508
1610
1658
1478
1452
1619
1792
1990
2125
2304
2507
2694
2954
3041
2921
2741
2600
2484
2588
2815
2778
2636
2417
2140
2076
2190
2207
2270
2246
2131
2050
2010
1962
1811
1653
1278
813
730
1014
1319
1584
1659
1578
1425
1317
1300
1339
1270
1217
1288
1318
1262
1270
1241
1094
1006
900
833
707
844
988
1098
1225
1222
1217
1107
979
1042
1281
1258
1216
1284
1363
1460
1538
1693
1850
2029
2180
2304
2256
2213
2238
2148
2071
1878
1707
1619
1463
1220
1093
1122
1165
1221
1281
1201
969
760
699
660
675
801
846
856
855
882
973
1299
1570
1712
1887
1987
2112
2260
2406
2475
2598
2695
2767
2823
2853
2958
2961
2873
2823
2805
2564
2257
2122
1984
2029
2282
2469
2538
2465
2289
2243
2196
2077
2030
2052
2103
2116
2205
2255
2271
2300
2443
2652
2671
2635
2660
2714
2888
3033
3135
3352
3532
3440
3158
3048
2929
2985
3112
2997
2874
2863
2812
2724
2765
2825
3006
3170
3196
3124
3132
3195
3166
3113
3079
3289
3564
3781
3930
3925
3843
3672
3478
3471
3607
3641
3610
3605
3505
3348
3214
2998
2894
3079
3337
3453
3492
3432
3306
3069
2817
2764
2844
2913
2879
2873
2925
2932
2810
2700
2702
2636
2596
2629
2721
2828
2822
3029
3240
3303
3114
2850
2649
2450
2337
2168
2026
1842
1681
1621
1720
1644
1521
1400
1430
1609
1781
1994
2149
2198
2020
1901
1698
1587
1566
1548
1416
1199
970
698
588
541
625
659
723
726
441
112
-201
-192
3
170
360
396
247
-11
-100
-73
129
332
355
200
-133
-351
-282
-232
-430
-485
-465
-513
-500
-518
-731
-835
-837
-700
-400
-155
185
173
117
271
268
274
239
24
-167
-288
-425
-625
-909
-1058
-1144
-1341
-1654
-1829
-1839
-1839
-1689
-1486
-1468
-1508
-1693
-1823
-1834
-1914
-2014
-2015
-1956
-1983
-1939
-1853
-1917
-2218
-2519
-2866
-3010
-3101
-3057
-2882
-2682
-2434
-2139
-1815
-1864
-1871
-1758
-1549
-1251
-959
-622
-280
-130
60
346
517
561
709
870
937
937
853
807
667
493
571
816
885
927
890
895
832
782
790
834
806
864
1115
1136
1070
1016
884
814
779
696
750
677
605
570
520
572
772
903
944
854
768
716
681
899
1051
1042
939
891
846
810
1013
1204
1197
1277
1427
1543
1578
1593
1600
1590
1571
1580
1527
1494
1564
1723
1910
2107
2293
2371
2425
2375
2357
2361
2279
2142
2167
2242
2216
2333
2410
2274
2125
2093
2147
2101
1913
1886
1938
2166
2475
2540
2579
2408
2183
2172
2403
2543
2421
2215
1982
1854
1821
1752
1777
1959
2034
2096
2256
2339
2242
2253
2345
2425
2457
2547
2535
2476
2678
2971
3045
2954
2800
2589
2477
2545
2643
2609
2494
2361
2335
2265
2222
2190
2321
2394
2209
2073
2153
2261
2300
2355
2524
2633
2623
2752
2873
3091
3229
3255
3269
3348
3307
3093
3025
2987
2990
3085
3046
2900
2764
2679
2661
2645
2606
2405
2198
2142
2192
2242
2107
1918
1888
1956
1912
1923
1822
1753
1829
1960
2252
2528
2931
3082
2956
2721
2589
2524
2282
1924
1572
1371
1245
1307
1479
1587
1507
1412
1466
1603
1546
1405
1488
1583
1676
1650
1522
1395
1545
1755
1794
1855
1978
2131
1963
2029
2102
1820
1543
1373
1322
1433
1743
2006
2174
2237
2240
2314
2254
2088
2048
1983
1969
1864
1760
1936
1980
1864
1803
1746
1935
2190
2187
2156
1971
1574
1418
1586
1857
2000
2068
2144
2075
2046
2218
2499
2717
2628
2461
2303
2001
1905
2137
2456
2564
2461
2253
1984
1907
2104
2486
2889
3314
3612
3881
4118
4024
3936
4053
4287
4536
4665
4696
4686
4447
4276
4258
4349
4507
4652
4774
4736
4499
4148
3853
3719
3827
3774
3865
3782
3320
3056
2937
2867
2617
2356
2158
1732
1487
1300
876
562
299
240
311
375
616
964
935
758
911
1228
1316
1401
1641
1825
2094
2237
2275
2239
2223
2204
2365
2617
2908
3134
3224
3391
3477
3544
3525
3768
4129
4530
4763
4572
4207
3877
3750
3757
3842
3715
3395
3269
3408
3480
3615
3795
3676
3545
3597
3577
3578
3591
3465
3528
3577
3550
3473
3167
2901
2836
2913
3110
3198
2985
2802
2883
3127
3322
3393
3542
3982
4492
4829
4994
5170
5244
5136
5023
4953
4891
4920
5049
5267
5674
5885
5893
5921
5802
5643
5611
5633
5653
5757
5961
6190
6418
6740
6973
7054
7105
6939
6881
6952
6934
6866
6793
6523
6249
6181
6115
6023
6109
6268
6181
6158
6316
6476
6462
6283
6074
6260
6665
6880
6889
6691
6365
6268
6345
6479
6604
6456
6236
5938
5586
5288
5228
5262
5318
5040
4484
4204
4112
3944
3938
4251
4488
4424
4075
3982
3995
4022
4058
3925
3733
3438
3163
3143
3400
3669
3827
4078
4406
4490
4510
4453
4302
4166
4112
4118
4022
3708
3499
3691
3836
3797
3920
4281
4455
4392
4417
4588
4459
4178
4200
4411
4504
4564
4608
4671
4787
4726
4711
4657
4635
4752
4937
5022
4916
4817
4720
4462
4291
4289
4327
4109
3748
3479
3048
2528
2226
2314
2301
2244
2262
2158
1940
1856
1780
1715
1797
1829
1869
1943
2134
2209
2115
1933
1732
1595
1586
1784
1903
1839
1721
1649
1880
2169
2333
2425
2386
2389
2387
2481
2616
2820
3132
3244
3305
3160
2925
2795
2722
2877
2991
3220
3209
3092
2988
2552
2246
2045
1966
1901
1871
1704
1814
1948
1888
1930
2056
2111
2005
2025
2050
2104
2083
2136
2434
2865
2719
2635
2846
3070
3290
3471
3519
3595
3943
4275
4405
4246
4237
4196
4157
4166
4335
4373
4355
4044
3650
3619
3570
3431
3193
2913
2772
2865
2844
2838
2602
2310
2191
2138
2202
2558
2868
2772
2737
2456
2045
1836
1480
1061
848
946
1053
954
793
793
720
785
1118
1404
1544
1454
1473
1693
2076
2225
2158
1899
1822
2049
2027
2083
2432
2742
2776
2952
3144
3172
3039
2753
2815
2846
2750
2585
2557
2570
2387
2510
2674
2709
2490
2158
1638
1246
1158
1000
876
688
615
474
490
305
166
301
410
554
572
620
425
450
528
856
1059
1240
1346
1448
1663
1656
1925
2223
2421
2348
2598
2577
2559
2756
2911
3045
3199
3388
3528
3722
3667
3555
3371
3438
3534
3556
3636
3609
3618
3555
3358
3259
3339
3479
3264
3062
3105
2923
2838
2821
2761
2797
2539
2267
2038
1900
1806
1730
1625
1463
1437
1231
1003
890
861
589
484
663
998
1193
1173
1268
1433
1556
1759
2153
2319
2406
2369
2346
2251
2234
2382
2314
2096
2004
2019
2227
2400
2212
2030
1902
1910
1869
1915
1728
1595
1605
1396
1216
1086
1073
957
563
10
-247
-530
-697
-709
-787
-851
-1035
-1353
-1490
-1560
-1525
-1502
-1895
-2129
-2212
-2120
-1933
-1752
-1570
-1543
-1812
-2036
-1980
-1816
-1641
-1382
-1136
-1195
-1208
-1253
-1251
-1061
-1056
-1002
-753
-635
-683
-763
-873
-1172
-1512
-1593
-1448
-1749
-2115
-2242
-2424
-2358
-2223
-2111
-2076
-2122
-2271
-2101
-1873
-1671
-1272
-1109
-1344
-1712
-1727
-1555
-1243
-1075
-993
-933
-976
-1093
-1332
-1451
-1398
-1433
-1443
-1270
-1348
-1503
-1416
-1273
-1419
-1419
-1288
-1174
-1127
-1134
-937
-1051
-1320
-1392
-1358
-1283
-1068
-974
-1181
-1216
-1226
-1360
-1369
-1252
-1132
-1077
-1119
-1399
-1626
-1838
-1789
-1867
-2164
-1983
-1998
-2156
-2324
-2493
-2276
-2177
-2361
-2333
-2232
-2023
-1729
-1596
-1385
-1124
-968
-801
-680
-648
-608
-596
-593
-638
-534
-240
-133
61
308
318
491
603
792
995
1189
1499
1560
1361
1296
1545
1703
1777
1715
1835
1973
1790
1718
2097
2460
2568
2453
2170
1991
1529
1140
1149
1245
1260
1148
824
488
352
270
225
311
537
501
322
239
147
251
210
144
172
-134
-101
249
398
315
212
139
49
-215
-577
-393
-102
-54
-128
-180
-101
-190
-317
-178
-158
-93
11
258
613
744
934
1113
1367
1471
1764
2150
2184
1985
1749
1688
1746
1809
1751
1646
1292
635
295
376
448
497
381
289
72
-58
40
204
435
386
408
514
428
369
328
39
-223
-275
-244
-101
-60
-423
-574
-448
-631
-921
-1184
-1316
-1455
-1627
-1705
-1780
-1779
-1643
-1451
-1585
-1983
-2315
-2405
-2152
-2050
-2118
-2321
-2407
-2353
-2238
-1967
-1994
-2026
-1833
-1613
-1432
-1312
-1138
-826
-647
-454
-256
16
313
607
899
939
812
748
814
834
1096
1300
1287
1054
866
718
490
556
617
743
759
562
596
691
467
446
593
502
398
226
37
-306
-665
-915
-1038
-1084
-1184
-1251
-1005
-815
-816
-940
-1470
-1854
-2286
-2528
-2442
-2687
-3126
-3193
-3244
-3369
-3189
-3033
-2927
-2755
-2761
-2896
-2782
-2630
-2252
-2225
-2211
-1997
-2165
-2180
-2075
-1891
-1782
-1516
-1438
-1471
-1343
-1265
-1027
-678
-330
-66
316
521
562
774
1259
1715
2040
2341
2431
2275
2109
2057
1961
1960
1996
1913
1725
2050
2311
2016
1898
2138
2454
2578
2715
2959
2909
2728
2795
3025
3341
3337
3147
3047
2848
2848
2954
2930
3048
3015
2855
2654
2539
2198
1952
1912
1831
1835
1972
2168
2019
2155
2141
1709
1250
1164
1226
1347
1546
1564
1644
1588
1432
1521
1808
1898
1846
1821
2047
2252
2367
2153
1651
1094
766
637
570
877
829
794
735
476
541
590
601
883
1139
1086
943
1242
1547
1529
1547
1462
1119
601
482
337
438
706
850
835
493
272
34
-123
-167
-240
-337
-231
1
397
716
580
436
726
737
609
897
1310
1462
1358
1385
1455
1598
1453
1159
1134
1273
1192
957
881
766
700
796
847
957
1005
871
781
698
664
889
1191
1240
1076
1069
1171
1089
998
1017
1278
1408
1330
1178
1056
1190
1389
1497
1673
1765
1774
1603
1185
1082
1116
1160
1320
1312
1246
1318
1545
1864
2167
2366
2479
2695
2641
2844
3158
3259
3439
3685
3900
3884
3727
3744
3950
3752
3549
3426
3397
3253
3242
3386
3386
3033
2652
2612
2526
2619
2527
2531
2567
2826
2941
2796
2777
2572
2502
2395
2188
2261
2532
2715
2920
2854
2655
2655
2426
2120
2182
2276
2387
2471
2363
2308
2421
2542
2919
3072
3167
3514
3583
3641
3707
4099
4528
4686
4775
5088
4982
4453
4321
4387
4606
4875
4842
4778
4856
4641
4228
3888
3626
3209
3138
3332
3372
3132
3164
3403
3268
3255
3393
3769
3874
3694
3647
3646
3715
3856
3785
4122
4420
4229
4296
4293
4187
4053
4082
4220
4511
4683
4936
5224
5328
5483
5619
5891
5974
5884
5874
5651
5328
5258
5212
5301
5605
5708
5573
5683
5840
5845
5776
5575
5319
5287
5385
5397
5246
4814
4514
4308
3869
3602
3552
3389
3282
3010
2779
2726
2925
3264
3672
3928
3926
4133
4407
4523
4565
4834
4710
4653
5056
5196
5182
5344
5458
5513
5716
5863
5827
5652
5660
5958
6299
6493
6631
6763
6614
6227
6096
6099
6102
6078
6225
6359
6244
6625
6881
6541
6664
6736
6391
6345
6503
6698
6746
6632
6480
6508
6421
6193
5968
5780
5530
4964
4403
4240
4440
4373
4190
4002
3759
3574
3353
3378
3758
3864
3895
3816
3621
3695
3754
3703
3553
3487
3179
2984
2855
2750
2873
2828
2766
2726
2657
2462
2165
2329
2436
2247
2171
2075
1983
1922
2154
2388
2493
2480
2610
2612
2507
2489
2370
2356
2123
1856
1564
1446
1431
1278
1382
1137
659
540
580
819
920
833
808
603
359
285
368
576
793
926
971
1097
1056
948
885
829
604
451
396
285
148
-303
-585
-901
-1358
-1881
-2111
-2340
-2502
-2325
-2230
-2212
-2235
-1981
-1844
-1874
-1774
-1791
-1993
-1910
-1803
-1664
-1505
-1359
-1203
-1072
-1024
-1247
-1142
-1019
-1107
-1025
-951
-938
-697
-408
-445
-670
-444
-180
-179
68
204
-57
-214
43
30
-140
-139
-46
3
64
103
63
381
592
431
352
507
726
775
814
766
511
563
556
749
940
919
938
949
1112
1030
907
637
504
438
552
870
891
772
806
908
1115
1206
1054
1260
1543
1699
1735
1738
1852
2038
1880
1872
2005
2028
2160
2433
2664
2840
3144
3236
3506
3738
3854
3539
3134
3188
3294
3324
3191
2811
2509
2464
2344
2277
2269
2329
2257
1969
1509
1140
1104
1078
1111
1361
1427
1488
1867
2345
2743
2959
3068
3313
3537
3745
3864
3990
4375
4511
4499
4319
4289
4151
4104
4260
4071
3782
3622
3588
3449
3499
3621
3720
3719
3576
3327
3187
3187
3334
3252
3043
2965
3041
3097
2832
2756
2755
2666
2432
2402
2123
1734
1821
1742
1665
1851
2013
1951
1775
1565
1159
1010
847
434
226
202
159
-116
-345
-408
-502
-636
-495
-121
210
304
653
1101
1382
1886
2280
2361
2579
2899
2962
3132
3350
3424
3528
3610
3460
3504
3670
3644
3532
3641
3821
3804
3784
3737
3721
3527
3391
3235
2957
2802
2762
2775
2644
2455
2226
2006
1845
1535
1308
1415
1438
1231
1194
1231
1173
1200
1149
1043
1222
1411
1658
1910
1697
1508
1523
1566
1517
1571
1534
1254
1075
1054
1005
1027
1134
1163
1121
985
755
441
469
416
388
359
421
281
66
60
-203
-378
-678
-879
-1035
-1098
-919
-731
-646
-367
-85
-2
120
181
300
342
317
344
252
29
-231
-245
-22
-49
-56
21
-105
-238
-131
-4
39
326
421
335
427
492
505
581
845
1066
1126
1163
1226
1370
1442
1445
1270
1301
1644
1750
2007
2116
2062
2109
2087
2097
2181
2163
1912
1808
1780
1696
1705
1776
1724
1658
1624
1598
1405
1270
1543
1876
2151
2436
2637
2612
2236
1989
2094
2205
2317
2564
2636
2337
2013
1696
1475
1538
1741
1539
1240
1059
1031
1090
1239
1582
1588
1579
1414
1162
1103
996
937
713
414
210
-97
-206
-36
-119
-474
-512
-465
-281
229
542
673
783
808
688
741
892
967
996
979
1119
1239
1116
1146
1278
1407
1537
1661
1763
1611
1468
1380
1700
2116
2288
2335
2412
2645
2785
2883
2707
2533
2444
2341
2127
1916
1927
1961
2022
1920
1757
1696
1370
907
720
462
232
230
364
507
724
681
248
-155
-692
-1048
-1263
-1387
-1421
-1421
-1309
-1367
-1361
-1386
-1459
-1433
-1336
-1266
-1305
-1259
-1318
-980
-890
-1111
-1000
-828
-586
-398
-398
-491
-404
-429
-304
-170
-53
142
355
388
395
344
165
144
116
308
459
400
64
-163
-219
-243
-316
-460
-466
-546
-642
-827
-994
-976
-907
-840
-669
-446
-524
-863
-1120
-1204
-1057
-856
-835
-725
-748
-1031
-1209
-1206
-1057
-876
-588
-597
-649
-474
-227
14
69
254
292
352
652
941
1114
1152
1034
1005
967
893
1065
1201
1315
1457
1368
1218
1146
1190
1479
1733
1882
1888
1934
2021
2128
2216
2386
2680
2865
2878
2810
2966
3065
3067
3137
3134
3096
3045
3179
3269
3240
3279
3104
2990
2950
3059
3313
3406
3433
3533
3639
3662
3797
3718
3658
3865
3789
3882
4078
3963
4060
4246
4375
4402
4338
4261
4304
4386
4241
4055
3949
4060
4154
4150
4216
4182
4101
4160
4078
4011
3985
3904
3859
3749
3657
3609
3563
3552
3612
3509
3353
3224
3075
2963
2984
3059
3234
3471
3553
3507
3598
3858
4217
4560
4663
4744
4673
4623
4910
5172
5260
5592
5900
5966
6029
6142
6175
6131
6101
6024
6149
6319
6450
6415
6229
6043
5939
5876
5834
5788
5671
5592
5517
5348
5057
4845
4685
4516
4399
4530
4654
4641
4573
4580
4574
4454
4391
4351
4589
4845
4914
4903
4793
4732
4662
4528
4474
4367
4334
4314
4143
3999
3960
3905
3723
3771
3724
3656
3839
3868
3707
3537
3438
3212
3195
3418
3633
3737
3720
3845
4005
4179
4311
4268
3945
3557
3409
3585
3679
3625
3595
3587
3670
3473
3170
3030
2918
2758
2538
2335
2344
2258
2085
2011
1894
1777
1587
1382
1161
1050
910
747
619
396
371
259
72
131
162
200
95
54
304
429
403
322
226
180
142
122
271
364
259
64
5
184
77
-44
5
-311
-442
-534
-724
-874
-990
-967
-980
-764
-763
-830
-826
-960
-1051
-1166
-1209
-1143
-1089
-976
-892
-810
-780
-927
-1154
-1404
-1557
-1510
-1488
-1630
-1675
-1820
-2161
-2546
-2828
-2981
-3041
-3116
-3178
-3142
-3097
-3091
-2986
-2836
-2762
-2785
-2774
-2617
-2589
-2549
-2623
-2690
-2504
-2237
-1994
-1849
-1708
-1579
-1601
-1663
-1657
-1616
-1455
-1233
-1172
-1391
-1608
-1634
-1542
-1569
-1778
-1976
-2108
-1962
-1598
-1258
-1084
-1198
-1268
-1233
-1117
-898
-854
-880
-869
-968
-1094
-1078
-1079
-1000
-788
-798
-876
-977
-1170
-1152
-952
-875
-902
-994
-1092
-1015
-1052
-1095
-1138
-1314
-1356
-1387
-1344
-1383
-1698
-1863
-1813
-1704
-1591
-1682
-1681
-1573
-1521
-1356
-1315
-1114
-799
-600
-554
-708
-659
-768
-816
-672
-731
-689
-751
-828
-539
-269
-283
-389
-447
-518
-791
-1087
-1272
-1413
-1578
-1861
-2014
-1914
-1744
-1581
-1591
-1614
-1436
-1511
-1619
-1554
-1458
-1301
-1241
-1237
-1189
-961
-707
-643
-523
-458
-502
-470
-392
-507
-780
-793
-853
-868
-726
-692
-489
-154
-59
-230
-506
-632
-650
-563
-563
-779
-929
-1277
-1576
-1742
-1984
-2174
-2232
-2079
-1839
-1725
-1653
-1725
-1835
-1837
-1822
-1725
-1648
-1452
-1193
-1115
-1053
-851
-852
-900
-867
-911
-938
-1115
-1281
-1197
-1267
-1396
-1498
-1737
-1883
-1920
-1956
-2135
-2173
-2325
-2486
-2463
-2481
-2427
-2518
-2694
-2815
-2824
-2906
-3056
-3107
-3153
-3190
-3266
-3277
-3142
-3070
-3005
-2931
-2746
-2732
-2753
-2740
-2837
-2817
-2809
-2778
-2754
-2627
-2569
-2574
-2636
-2780
-2832
-2724
-2610
-2481
-2306
-2314
-2421
-2407
-2489
-2525
-2392
-2370
-2192
-2015
-2058
-2103
-2189
-2279
-2152
-1997
-1927
-1810
-1685
-1644
-1648
-1766
-1798
-1710
-1682
-1687
-1867
-1969
-1724
-1555
-1466
-1414
-1464
-1621
-1892
-2043
-2230
-2351
-2352
-2572
-2901
-3061
-3152
-3084
-3135
-3246
-3242
-3534
-3755
-3823
-3868
-3659
-3538
-3417
-3440
-3613
-3494
-3445
-3551
-3567
-3409
-3508
-3730
-3728
-3576
-3580
-3599
-3445
-3294
-3180
-3397
-3583
-3737
-3915
-3926
-3889
-3983
-4092
-4135
-4262
-4548
-4647
-4548
-4553
-4509
-4781
-4946
-4851
-4833
-4860
-4819
-4767
-4933
-5229
-5407
-5356
-5338
-5306
-5074
-4875
-4858
-4845
-4761
-4563
-4570
-4608
-4446
-4163
-3736
-3486
-3299
-3215
-3245
-3223
-3111
-2952
-2881
-2714
-2630
-2617
-2486
-2220
-2149
-2201
-2121
-2205
-2397
-2234
-1948
-1820
-1757
-1803
-1795
-1967
-2059
-2003
-1883
-1888
-1818
-1683
-1625
-1480
-1486
-1307
-1192
-1250
-1258
-1152
-1097
-1134
-1157
-1316
-1532
-1654
-1682
-1795
-1955
-2142
-2326
-2495
-2532
-2335
-2172
-2289
-2534
-2576
-2560
-2568
-2589
-2655
-2751
-2861
-2920
-2909
-2858
-2830
-2851
-2865
-2962
-3056
-2803
-2555
-2421
-2286
-2171
-2219
-2425
-2415
-2264
-2024
-2023
-2266
-2465
-2615
-2735
-2738
-2687
-2635
-2539
-2713
-2942
-2948
-2766
-2632
-2500
-2427
-2577
-2737
-2863
-3021
-3081
-3172
-3400
-3552
-3643
-3601
-3574
-3525
-3476
-3448
-3310
-3195
-3144
-3189
-3266
-3358
-3474
-3491
-3283
-3042
-3056
-3279
-3444
-3496
-3477
-3540
-3725
-3801
-3919
-4069
-4154
-4186
-4292
-4339
-4223
-4177
-4143
-4075
-3993
-3963
-4001
-4026
-4006
-4016
-3920
-3943
-4178
-4319
-4353
-4450
-4496
-4591
-4882
-4994
-4851
-4754
-4864
-4753
-4601
-4594
-4530
-4371
-4315
-4323
-4127
-4091
-4060
-3944
-3876
-3668
-3502
-3513
-3478
-3332
-3131
-3021
-2951
-2845
-2825
-2858
-2855
-2645
-2471
-2386
-2351
-2345
-2339
-2467
-2415
-2231
-2040
-1795
-1562
-1523
-1539
-1602
-1658
-1554
-1690
-2009
-2373
-2722
-2903
-2965
-2871
-2772
-2777
-2809
-2872
-2996
-3014
-2805
-2783
-2810
-2907
-3005
-2927
-2832
-2704
-2566
-2507
-2523
-2304
-2089
-2056
-2063
-2140
-2364
-2454
-2451
-2478
-2289
-2039
-1988
-2128
-2172
-2231
-2230
-2102
-2159
-2263
-2300
-2260
-2235
-2144
-2165
-2185
-1994
-1889
-1787
-1698
-1577
-1661
-1891
-2052
-2260
-2320
-2219
-2302
-2431
-2300
-2178
-2123
-2137
-2175
-2179
-2303
-2397
-2477
-2595
-2738
-2970
-2800
-2578
-2611
-2564
-2499
-2568
-2647
-2627
-2571
-2507
-2578
-2488
-2421
-2306
-2204
-2259
-2385
-2397
-2239
-1995
-1603
-1422
-1354
-1434
-1331
-1048
-960
-985
-1084
-1205
-1117
-903
-854
-855
-989
-1066
-1054
-909
-800
-837
-844
-1012
-1073
-1090
-1043
-1008
-1029
-961
-1089
-1127
-946
-898
-1011
-1003
-913
-785
-687
-565
-438
-502
-549
-732
-1095
-1258
-1419
-1610
-1626
-1718
-1812
-1919
-2011
-2195
-2358
-2369
-2480
-2428
-2445
-2469
-2415
-2616
-2767
-2967
-3294
-3485
-3530
-3516
-3392
-3223
-3187
-3173
-3069
-2842
-2649
-2450
-2217
-1907
-1531
-1570
-1749
-1722
-1597
-1444
-1241
-949
-932
-1164
-1364
-1501
-1611
-1717
-1828
-1976
-2165
-2145
-1981
-2048
-2185
-2157
-1949
-1750
-1538
-1414
-1320
-1294
-1609
-1859
-1925
-1891
-1814
-1910
-2097
-2207
-2378
-2429
-2333
-2302
-2336
-2347
-2262
-2141
-2020
-1968
-1910
-1829
-1791
-1820
-1718
-1801
-1880
-1740
-1807
-1823
-1754
-1718
-1718
-1751
-1832
-1805
-1834
-1878
-1794
-1680
-1544
-1671
-1776
-1661
-1593
-1693
-1818
-1772
-1777
-2016
-2020
-1940
-1929
-1725
-1703
-1593
-1743
-2117
-2235
-2113
-1855
-1737
-1546
-1532
-1568
-1549
-1590
-1684
-1557
-1423
-1395
-1311
-1133
-879
-711
-563
-547
-623
-728
-756
-884
-761
-560
-463
-556
-746
-1024
-1275
-1263
-1362
-1311
-1341
-1532
-1625
-1569
-1762
-1962
-2070
-2118
-2138
-2124
-1898
-1718
-1478
-1363
-1321
-1355
-1421
-1263
-996
-646
-450
-535
-537
-486
-308
-337
-572
-472
-307
-155
18
20
-125
-207
-96
-34
-54
-13
-85
-242
-192
-224
-346
-189
-283
-484
-454
-440
-497
-545
-402
-410
-596
-691
-722
-523
-511
-620
-703
-738
-824
-1015
-1027
-1063
-1097
-1375
-1493
-1295
-1083
-800
-701
-825
-821
-588
-194
144
424
788
1052
1148
1129
1144
1043
978
929
894
918
857
661
410
275
103
-112
-400
-749
-794
-799
-1027
-1235
-1389
-1367
-1301
-1112
-1199
-1506
-1513
-1432
-1180
-1126
-1245
-1356
-1628
-1794
-1845
-1785
-1668
-1519
-1420
-1281
-1190
-1314
-1260
-1011
-907
-1057
-1224
-1074
-826
-705
-679
-755
-747
-758
-733
-752
-718
-622
-534
-488
-471
-492
-502
-284
-220
-344
-269
-309
-437
-377
-409
-170
39
-19
-267
-409
-582
-879
-846
-821
-716
-612
-635
-726
-957
-1102
-1101
-1117
-969
-882
-1041
-1278
-1390
-1261
-1137
-1028
-1009
-1050
-1049
-1100
-1040
-1034
-1022
-954
-958
-876
-1031
-1110
-1060
-1045
-926
-962
-1132
-1318
-1433
-1487
-1492
-1521
-1554
-1654
-1625
-1400
-1403
-1311
-1073
-875
-717
-758
-877
-1008
-964
-979
-1334
-1685
-1812
-2000
-2194
-2185
-2231
-2217
-2348
-2575
-2510
-2374
-2273
-2126
-1962
-1731
-1589
-1544
-1412
-1373
-1366
-1279
-1136
-1209
-1238
-1022
-967
-996
-1135
-1258
-1144
-1021
-1012
-987
-1029
-1029
-1081
-1219
-1105
-933
-642
-329
-340
-476
-657
-937
-1130
-1252
-1313
-1306
-1492
-1654
-1921
-2170
-2178
-2124
-2060
-1970
-1852
-1987
-1909
-1881
-1834
-1702
-1711
-1639
-1686
-1600
-1610
-1561
-1240
-1056
-1102
-1294
-1488
-1586
-1604
-1686
-1892
-1994
-1943
-1759
-1488
-1306
-1248
-1158
-1047
-1062
-1148
-1223
-1239
-1156
-996
-868
-713
-712
-676
-607
-629
-790
-924
-884
-849
-714
-729
-705
-681
-631
-698
-907
-924
-863
-674
-562
-433
-63
297
662
626
282
-11
-204
-81
78
258
311
253
169
-121
-290
-156
-322
-541
-604
-798
-760
-622
-728
-939
-1075
-1142
-1159
-1183
-1243
-1189
-1203
-1482
-1821
-1953
-1968
-1928
-1857
-1845
-1999
-2278
-2211
-2071
-1923
-1744
-1702
-1631
-1562
-1486
-1329
-1245
-1255
-1221
-1284
-1463
-1565
-1531
-1697
-1920
-1997
-2086
-2142
-2270
-2519
-2736
-2800
-2875
-3057
-3341
-3474
-3475
-3481
-3511
-3530
-3510
-3483
-3147
-2927
-2890
-2856
-2955
-3010
-3139
-3397
-3501
-3418
-3230
-3055
-2901
-2922
-2968
-2955
-3140
-3400
-3584
-3504
-3458
-3229
-2924
-2736
-2612
-2612
-2479
-2394
-2454
-2565
-2553
-2685
-2729
-2656
-2668
-2646
-2801
-3025
-3141
-3019
-2663
-2443
-2508
-2581
-2664
-2724
-2708
-2594
-2538
-2524
-2436
-2381
-2351
-2539
-2599
-2561
-2561
-2636
-2667
-2550
-2609
-2783
-2989
-2950
-2888
-2755
-2721
-2604
-2534
-2539
-2400
-2422
-2317
-2031
-1736
-1642
-1596
-1625
-1703
-1748
-1601
-1461
-1326
-1311
-1191
-1061
-1007
-822
-776
-637
-427
-95
19
-132
-320
-306
-216
-140
101
228
222
216
345
502
376
243
209
53
-1
103
38
-141
-243
-293
-273
-72
222
410
587
775
1000
1065
1068
924
576
395
499
582
493
507
607
697
772
860
876
907
822
908
1123
1269
1259
1149
1207
1186
1234
1621
1906
1827
1618
1392
1198
883
724
616
473
329
236
317
630
818
723
621
500
536
767
989
1001
1090
1168
1255
1515
1497
1454
1498
1377
1465
1524
1592
1762
1810
1673
1306
1086
948
684
583
616
523
497
505
367
-11
-270
-346
-418
-517
-577
-562
-867
-1201
-1407
-1630
-1852
-1947
-2052
-2269
-2393
-2498
-2614
-2731
-2694
-2696
-2699
-2644
-2623
-2550
-2603
-2411
-2048
-1712
-1454
-1400
-1444
-1443
-1406
-1392
-1469
-1562
-1494
-1433
-1411
-1430
-1499
-1775
-2088
-2317
-2419
-2464
-2548
-2450
-2234
-2040
-1941
-1797
-1764
-1786
-1699
-1741
-1839
-2128
-2268
-2142
-2133
-2057
-2029
-2023
-1967
-2135
-2237
-2037
-1841
-1693
-1614
-1666
-1700
-1782
-1957
-2134
-2200
-2069
-2001
-1937
-1716
-1691
-1653
-1482
-1413
-1466
-1648
-1738
-1908
-1895
-1852
-1927
-1780
-1801
-1916
-1806
-1763
-1832
-1873
-1856
-1807
-1806
-1566
-1382
-1391
-1354
-1306
-1184
-1099
-1270
-1576
-1865
-2188
-2347
-2360
-2541
-2612
-2615
-2713
-2769
-2888
-3010
-3061
-3053
-3020
-2892
-2655
-2556
-2426
-2249
-2318
-2305
-2065
-1723
-1270
-789
-522
-489
-452
-190
-21
41
70
32
9
30
263
413
487
580
859
928
836
821
590
454
293
28
-107
-68
-23
-88
-126
-121
-78
-130
-218
-153
-162
-20
-2
-207
-400
-620
-904
-1120
-1091
-1109
-982
-910
-1257
-1473
-1554
-1577
-1368
-1220
-1106
-1136
-1215
-1181
-1003
-806
-519
-217
40
400
612
704
754
709
662
715
785
847
855
846
854
874
816
799
638
285
116
41
26
140
240
192
43
-82
-218
-207
-45
19
-61
-247
-395
-358
-284
-551
-787
-901
-1083
-1158
-997
-715
-526
-414
-409
-393
-439
-487
-396
-310
-246
-381
-640
-797
-907
-806
-523
-396
-440
-509
-679
-906
-1244
-1590
-1633
-1292
-974
-952
-895
-928
-853
-762
-784
-932
-1142
-1206
-1268
-1197
-1368
-1640
-1725
-1603
-1535
-1612
-1594
-1675
-1932
-2111
-2191
-2348
-2365
-2461
-2401
-2256
-2203
-2152
-2053
-2065
-2276
-2285
-2380
-2517
-2628
-2760
-2726
-2628
-2620
-2598
-2524
-2452
-2528
-2595
-2802
-3084
-3250
-3291
-3279
-3369
-3368
-3443
-3503
-3689
-3874
-3939
-4023
-4250
-4535
-4716
-4741
-4656
-4725
-4835
-4927
-4943
-4980
-4979
-4936
-4975
-5028
-5134
-5261
-5342
-5319
-5220
-5038
-4870
-4892
-4956
-5046
-5105
-5090
-4937
-4648
-4331
-4125
-3884
-3710
-3771
-3659
-3665
-3841
-3889
-3823
-3585
-3374
-3308
-3252
-3288
-3282
-3143
-2811
-2525
-2356
-2268
-2314
-2251
-2315
-2486
-2672
-2752
-2624
-2512
-2533
-2506
-2443
-2593
-2669
-2400
-2102
-2011
-2055
-2111
-2269
-2293
-2135
-2012
-1920
-1961
-1938
-1875
-1632
-1288
-1118
-1179
-1383
-1566
-1742
-1785
-1877
-2077
-2202
-2357
-2613
-2793
-3006
-3289
-3453
-3420
-3473
-3637
-3862
-4115
-4245
-4340
-4316
-4164
-3978
-4000
-4048
-4075
-4069
-4070
-4029
-3882
-3750
-3755
-3980
-4137
-4261
-4285
-4206
-4215
-4249
-4206
-4149
-4050
-4021
-4080
-4331
-4552
-4493
-4353
-4024
-3647
-3380
-3312
-3493
-3577
-3554
-3685
-3922
-4230
-4428
-4601
-4690
-4652
-4536
-4394
-4323
-4283
-4226
-4244
-4304
-4334
-4454
-4446
-4557
-4544
-4417
-4361
-4218
-4139
-3973
-3822
-3733
-3657
-3680
-3735
-3809
-3900
-3793
-3755
-3832
-3723
-3618
-3593
-3640
-3638
-3651
-3673
-3567
-3487
-3477
-3436
-3549
-3770
-3885
-4043
-4073
-4096
-4155
-4234
-4489
-4718
-4737
-4788
-4968
-5111
-5322
-5584
-5691
-5684
-5701
-5673
-5729
-5545
-5239
-5143
-5050
-4927
-4958
-5102
-5315
-5630
-5650
-5682
-5743
-5548
-5475
-5533
-5442
-5361
-5325
-5097
-4896
-4781
-4611
-4542
-4600
-4692
-4624
-4546
-4607
-4433
-3987
-3665
-3531
-3479
-3568
-3699
-3673
-3558
-3406
-3258
-3152
-3081
-3273
-3416
-3476
-3505
-3478
-3515
-3521
-3456
-3293
-3215
-3337
-3518
-3669
-3758
-3670
-3497
-3515
-3619
-3675
-3725
-3689
-3668
-3626
-3513
-3461
-3451
-3335
-3297
-3295
-3342
-3324
-3266
-3118
-2841
-2553
-2293
-2332
-2454
-2668
-2865
-2870
-2667
-2465
-2294
-2289
-2350
-2219
-1975
-1813
-1838
-1833
-1865
-2012
-2212
-2451
-2627
-2745
-2770
-2559
-2439
-2476
-2497
-2551
-2701
-2863
-3162
-3334
-3334
-3338
-3273
-3200
-3036
-2726
-2496
-2410
-2355
-2412
-2393
-2511
-2540
-2422
-2290
-2121
-1928
-1742
-1666
-1616
-1810
-1926
-1974
-2100
-2188
-2172
-2080
-2080
-2102
-2085
-1974
-1941
-1946
-2030
-2228
-2444
-2666
-2783
-2795
-2869
-2954
-2991
-3187
-3386
-3574
-3576
-3693
-3938
-3928
-3968
-4074
-4081
-4046
-4107
-4041
-3838
-3699
-3599
-3537
-3679
-3947
-4054
-3857
-3609
-3292
-2939
-2787
-2782
-2972
-3226
-3480
-3622
-3665
-3636
-3572
-3410
-3182
-3035
-2917
-2866
-2959
-3067
-3062
-3120
-3200
-3290
-3336
-3386
-3278
-3085
-3122
-3049
-2924
-2902
-2884
-3028
-3272
-3455
-3473
-3360
-3281
-3195
-3123
-3186
-3235
-3190
-3185
-3098
-3183
-3358
-3507
-3683
-3744
-3777
-3787
-3741
-3687
-3751
-3760
-3867
-3974
-4011
-4151
-4318
-4310
-4038
-3782
-3468
-3101
-2843
-2763
-2824
-2857
-2900
-2957
-2898
-2858
-2819
-2637
-2444
-2466
-2690
-3004
-3200
-3418
-3586
-3575
-3717
-3851
-4000
-4214
-4201
-4033
-3758
-3397
-3113
-2825
-2629
-2657
-2611
-2470
-2467
-2410
-2201
-1962
-1936
-2065
-2328
-2607
-2765
-2793
-2639
-2539
-2546
-2702
-2972
-3214
-3434
-3494
-3416
-3351
-3321
-3639
-4046
-4308
-4469
-4517
-4533
-4605
-4682
-4850
-5030
-4960
-4828
-4687
-4589
-4531
-4406
-4224
-4199
-4297
-4378
-4381
-4402
-4329
-4092
-3992
-4043
-3995
-4008
-4019
-3825
-3544
-3244
-3014
-2838
-2889
-2965
-2988
-2766
-2511
-2260
-1869
-1667
-1598
-1634
-1609
-1655
-1629
-1545
-1531
-1583
-1753
-1812
-1802
-1845
-1836
-1858
-2120
-2502
-2763
-2992
-3238
-3202
-3254
-3309
-3341
-3587
-3710
-3709
-3609
-3636
-3661
-3766
-3992
-4148
-4220
-4265
-4239
-4153
-4139
-3996
-3951
-4064
-4125
-4143
-4162
-4174
-4150
-4016
-3881
-3828
-3933
-3870
-3631
-3517
-3422
-3346
-3210
-3124
-3099
-3068
-3028
-2894
-2787
-2733
-2667
-2630
-2631
-2717
-2761
-2927
-2983
-2979
-3082
-3164
-3196
-3210
-3403
-3617
-3867
-4019
-4125
-3983
-3703
-3569
-3485
-3450
-3402
-3399
-3548
-3743
-3854
-3766
-3552
-3369
-3246
-3272
-3303
-3454
-3574
-3542
-3583
-3728
-3811
-3872
-3787
-3590
-3597
-3586
-3468
-3475
-3535
-3545
-3465
-3348
-3207
-3089
-3069
-2945
-2926
-2855
-2704
-2603
-2607
-2664
-2615
-2569
-2534
-2469
-2270
-2088
-2066
-2142
-2227
-2418
-2545
-2556
-2564
-2546
-2582
-2617
-2666
-2773
-2828
-2791
-2848
-2871
-2877
-2864
-2782
-2889
-2912
-2823
-2894
-2805
-2625
-2529
-2368
-2349
-2345
-2213
-1989
-1812
-1771
-1689
-1644
-1632
-1671
-1743
-1726
-1781
-1760
-1466
-1216
-1176
-1154
-1171
-1186
-1266
-1359
-1399
-1477
-1287
-1032
-911
-889
-854
-916
-959
-961
-1083
-1192
-1359
-1538
-1763
-1744
-1603
-1479
-1472
-1666
-1975
-2266
-2294
-2192
-2145
-2202
-2248
-2339
-2311
-2267
-2193
-2146
-2152
-1950
-1711
-1456
-1236
-1141
-1276
-1445
-1333
-1211
-1007
-852
-1023
-1077
-1061
-970
-827
-691
-550
-630
-866
-984
-1108
-1117
-1055
-1111
-1214
-1281
-1278
-1222
-1059
-1196
-1438
-1606
-1603
-1632
-1640
-1595
-1545
-1409
-1374
-1294
-1223
-1119
-1036
-857
-697
-521
-451
-529
-576
-523
-438
-464
-491
-564
-597
-629
-562
-568
-716
-807
-835
-819
-843
-931
-1020
-1035
-981
-961
-948
-1062
-1255
-1342
-1396
-1404
-1439
-1529
-1580
-1580
-1501
-1271
-1073
-940
-951
-1069
-1139
-1049
-993
-903
-819
-885
-816
-714
-645
-540
-565
-671
-713
-852
-850
-898
-965
-1112
-1299
-1402
-1536
-1712
-1979
-2066
-2041
-2027
-2092
-2043
-2070
-2041
-1931
-1870
-1787
-1674
-1409
-1352
-1346
-1181
-974
-807
-612
-505
-644
-773
-855
-831
-668
-444
-364
-458
-567
-621
-531
-403
-243
-186
-179
-151
-215
-290
-333
-407
-445
-420
-398
-358
-363
-407
-423
-388
-485
-667
-763
-713
-581
-348
-225
-414
-688
-1060
-1347
-1450
-1428
-1440
-1649
-1765
-1785
-1747
-1690
-1715
-1650
-1677
-1719
-1694
-1632
-1424
-1323
-1390
-1387
-1403
-1406
-1369
-1361
-1278
-1057
-917
-1132
-1429
-1619
-1685
-1513
-1171
-1031
-968
-1061
-1298
-1378
-1349
-1270
-1228
-1177
-1206
-1102
-829
-804
-849
-798
-780
-686
-470
-323
-303
-454
-740
-955
-1016
-821
-737
-812
-909
-1100
-1296
-1438
-1559
-1591
-1577
-1671
-1790
-1747
-1624
-1582
-1545
-1528
-1331
-1247
-1154
-1037
-1011
-866
-862
-840
-657
-518
-444
-329
-321
-273
-351
-573
-706
-835
-993
-1033
-808
-702
-725
-795
-1000
-1101
-1110
-1136
-1031
-840
-822
-888
-1024
-1302
-1403
-1478
-1502
-1424
-1435
-1522
-1620
-1743
-1942
-1989
-1926
-1763
-1579
-1505
-1445
-1411
-1669
-2103
-2483
-2689
-2767
-2784
-2892
-3144
-3349
-3449
-3391
-3361
-3253
-3194
-3321
-3523
-3637
-3602
-3490
-3347
-3154
-3040
-3109
-3178
-3261
-3288
-3251
-3282
-3385
-3389
-3393
-3532
-3590
-3546
-3476
-3366
-3212
-2952
-2867
-3050
-3266
-3295
-3096
-2938
-2873
-2813
-2696
-2533
-2419
-2482
-2578
-2710
-2770
-2727
-2759
-2735
-2713
-2684
-2681
-2618
-2554
-2452
-2389
-2380
-2218
-2124
-2165
-2140
-1978
-1737
-1478
-1396
-1261
-1353
-1616
-1744
-1650
-1384
-1260
-1255
-1187
-1078
-971
-791
-745
-595
-453
-455
-485
-592
-744
-789
-808
-940
-1069
-1188
-1371
-1450
-1486
-1603
-1684
-1830
-1910
-1933
-2034
-2053
-2135
-2249
-2179
-2125
-1947
-1799
-1694
-1657
-1673
-1797
-2072
-2090
-1991
-1843
-1714
-1770
-1970
-2053
-2076
-1941
-1900
-1932
-1897
-1965
-1926
-1691
-1281
-886
-637
-554
-382
-194
6
116
291
469
602
672
600
626
566
366
81
159
285
300
253
91
-262
-734
-1038
-1224
-1210
-1234
-1434
-1726
-1785
-1726
-1657
-1540
-1452
-1376
-1444
-1595
-1659
-1715
-1840
-1894
-1876
-1726
-1507
-1472
-1556
-1625
-1682
-1785
-1752
-1694
-1791
-1894
-1943
-1896
-1848
-1741
-1484
-1163
-908
-709
-574
-504
-498
-317
-256
-91
313
471
520
461
377
181
155
223
166
85
67
36
-109
5
61
120
253
205
176
-50
-262
-357
-270
-44
118
154
53
-49
-269
-419
-391
-264
-162
-88
-30
-35
-73
-180
-294
-366
-389
-421
-438
-451
-661
-689
-573
-435
-266
-189
-140
-122
-5
106
353
590
498
475
645
672
655
591
455
437
566
652
772
811
761
702
653
758
917
1041
1080
1174
1174
1143
1175
1164
1191
1342
1328
1206
901
551
340
283
424
555
648
517
372
165
5
-223
-496
-647
-839
-919
-968
-1002
-1068
-978
-897
-1001
-936
-853
-670
-423
-168
50
64
53
224
478
772
1035
1050
1044
1086
1268
1475
1540
1509
1417
1211
998
1015
1122
1123
1020
893
711
611
586
517
567
662
660
385
78
31
206
500
645
759
745
713
633
579
613
565
426
250
257
201
128
35
-89
-193
-296
-278
-130
-15
-2
-112
-128
-34
58
144
276
332
295
330
320
582
845
946
940
962
936
877
909
1093
1357
1480
1626
1870
1962
1873
1837
1689
1656
1718
1624
1370
1195
887
426
133
137
236
126
-132
-280
-414
-555
-531
-357
-283
-462
-554
-759
-906
-936
-898
-750
-480
-353
-358
-294
-264
-208
-323
-448
-532
-520
-426
-390
-271
-155
-137
-51
18
55
208
370
571
731
886
1017
1186
1478
1769
1987
1958
2043
2053
1977
2003
2018
2069
2117
2290
2303
2335
2341
2307
2340
2444
2567
2463
2243
2066
2181
2195
2167
2152
2081
2024
1934
1894
1925
1944
1643
1385
1395
1382
1362
1370
1180
911
822
783
834
1080
1194
1235
1305
1357
1488
1807
2009
1999
1939
1679
1557
1595
1824
2136
2303
2296
2127
2130
2276
2330
2215
2111
2086
1954
1886
1991
2162
2381
2564
2570
2531
2662
2689
2643
2679
2662
2624
2582
2524
2560
2614
2693
2560
2186
1992
1886
1946
2058
2193
2277
2195
2059
1959
1997
2138
2333
2466
2555
2501
2516
2485
2310
2265
2403
2605
2794
2914
3051
3084
2986
2963
2899
2957
2893
2781
2709
2880
3132
3151
3303
3387
3333
3255
3088
3002
3000
3043
3221
3346
3433
3391
3387
3384
3393
3546
3522
3302
3109
3112
3159
3219
3306
3241
3146
3146
3103
3060
2926
2756
2630
2596
2682
2895
3082
3078
3025
2856
2731
2765
2819
2772
2771
2731
2599
2476
2528
2658
2653
2513
2428
2445
2412
2565
2625
2567
2527
2549
2608
2777
3002
2973
2855
2928
3086
3258
3336
3252
3109
2945
2819
2776
2878
3038
3153
3364
3514
3432
3386
3227
3214
3223
3269
3328
3300
3359
3338
3314
3213
3124
3051
2950
2916
2949
2830
2762
2720
2623
2649
2651
2467
2283
2250
2211
2387
2698
2959
3125
3327
3434
3338
3252
3167
3167
3073
3139
3194
3079
3129
3163
3214
3229
3182
3011
2926
3050
3117
3136
3277
3454
3613
3768
3835
3807
3598
3493
3332
3125
2942
2635
2242
1977
1840
1584
1426
1218
967
727
405
105
-108
-210
-213
-165
-147
-185
-150
-253
-368
-276
-249
-419
-514
-417
-333
-23
396
528
591
723
756
924
1125
1316
1422
1559
1685
1804
2052
2133
2172
2127
2176
2154
2100
2013
1835
1854
1738
1711
1807
1747
1587
1413
1368
1417
1533
1378
1178
1082
804
770
875
1008
1229
1257
1191
1215
1242
1159
1175
1151
1067
1136
1018
927
863
813
754
662
642
538
498
469
409
210
58
79
237
314
171
108
157
166
165
42
-197
-468
-552
-485
-475
-265
-389
-563
-529
-580
-535
-730
-972
-1171
-1403
-1476
-1269
-871
-536
-341
-302
-299
-253
-254
-315
-293
-252
-326
-194
103
79
23
-15
-140
-278
-427
-356
-133
34
16
149
387
482
525
419
375
177
32
64
273
397
262
398
266
220
463
686
832
823
678
343
167
86
184
425
523
400
374
488
519
497
212
-46
-43
68
265
543
641
463
224
58
-113
-78
17
-141
-282
-439
-673
-800
-789
-803
-705
-727
-908
-924
-1046
-1196
-1128
-1054
-1087
-988
-732
-546
-504
-504
-571
-516
-295
-106
155
363
483
629
837
1014
1108
1196
1303
1390
1446
1549
1742
1890
2015
2048
1889
1889
1955
1853
1838
1838
1672
1390
1298
1436
1501
1620
1643
1463
1096
851
837
864
738
712
749
594
498
233
141
80
6
-1
-97
-9
-58
-221
-241
-268
-305
-347
-400
-328
-346
-376
-469
-555
-415
-208
-36
1
135
211
360
436
626
800
634
643
587
403
403
381
358
634
874
1001
1158
1239
1218
1366
1538
1586
1680
1876
1933
2066
2234
2321
2306
2262
2381
2479
2693
2770
2788
2766
2850
3002
2897
2716
2701
2699
2749
2677
2473
2315
2142
1972
1740
1732
1573
1425
1571
1544
1430
1195
1067
1064
975
1065
1218
1326
1072
948
922
918
1187
1499
1912
1954
1917
1919
1809
1826
1961
2285
2547
2528
2525
2559
2704
2586
2409
2348
2249
2449
2647
2781
2861
2858
2916
2959
3051
3242
3374
3213
2805
2503
2249
2269
2438
2531
2464
2314
1995
1533
1401
1575
1800
2039
2284
2247
2205
2205
2105
2154
2225
2271
2669
2942
2917
3037
3411
3757
4002
4276
4315
4099
3789
3566
3761
3926
3845
3848
3665
3526
3314
3164
3184
3301
3463
3513
3518
3461
3361
3132
3057
2966
2947
3055
3192
3261
3261
3142
3086
3184
3082
3000
2754
2686
2797
2975
3116
3132
2933
2495
2190
1856
1698
1589
1422
1510
1835
1864
1880
2074
2186
2276
2358
2462
2498
2549
2682
2889
3029
3239
3527
3604
3570
3645
3526
3120
2971
3034
3036
3057
3059
2971
2846
2785
2593
2102
1929
2027
2056
2128
2111
2136
2048
1859
1707
1711
2165
2625
2905
3196
3285
3171
2999
2984
3093
3154
3118
2895
2589
2323
1978
1972
2075
1885
1569
1244
1089
1095
1291
1452
1545
1543
1585
1604
1618
1564
1594
1691
1757
1713
1661
1708
1893
2004
1886
1952
1911
1767
1555
1511
1603
1816
1994
1844
1770
1959
1950
1917
1813
1640
1597
1591
1448
1306
1527
1630
1625
1603
1533
1486
1487
1424
1296
1069
1018
1151
1090
947
863
694
661
904
1213
1409
1513
1611
1628
1739
1828
1751
1602
1561
1514
1412
1350
1401
1506
1478
1617
1951
2341
2469
2684
2842
2603
2529
2577
2489
2417
2537
2399
2492
2533
2359
2174
2156
2062
1758
1652
1771
2145
2172
2172
2145
2263
2267
2124
2067
2040
2118
2047
1977
1874
1567
1398
1391
1158
919
907
987
922
740
337
-25
-202
-208
-98
20
97
131
66
0
58
77
266
572
966
1168
1298
1620
1924
2198
2204
2153
2292
2089
1845
1697
1560
1454
1168
1146
1014
893
669
413
238
118
274
262
189
-1
-127
-218
-105
156
188
263
377
389
277
216
279
183
85
177
204
142
223
202
136
201
151
121
-45
-52
-27
-29
264
281
361
542
604
565
547
550
390
572
702
1008
1243
1339
1333
929
873
798
512
591
835
775
512
290
308
468
961
979
880
1044
875
869
1160
1469
1480
1231
1065
1028
896
1043
1240
1215
1337
1449
1427
1480
1363
1237
1081
861
680
361
-12
-133
11
-248
-487
-521
-759
-931
-1099
-1361
-1485
-1532
-1638
-1482
-1319
-1297
-1214
-1148
-838
-345
42
266
378
607
794
781
989
1359
1631
1798
1986
2289
2655
2694
2425
2352
2333
2393
2431
2616
3049
3404
3490
3297
3119
2952
2896
2933
3225
3284
3281
3491
3388
3153
2896
2553
2342
2325
2269
2302
2262
2309
2239
2125
2107
2189
2229
2069
2038
2106
2353
2525
2445
2411
2571
2754
3079
3264
3422
3494
3385
3283
3274
3458
3393
3439
3529
3337
3086
2826
2462
2483
2637
2561
2680
2701
2820
2935
2987
3147
3060
3115
3106
2893
2958
3011
3157
3267
3249
3140
2853
2602
2389
2600
2877
2837
2864
2696
2505
2594
2758
2849
2629
2336
2145
2092
2073
2095
2310
2489
2681
2786
2880
3121
3341
3443
3550
3741
4011
4525
4840
4956
5176
5299
5188
5006
4803
4664
4515
4349
4516
4609
4584
4533
4275
4001
3942
3976
3992
4042
4162
4108
3942
3969
4097
4407
4659
4849
4985
5104
5057
4869
4889
4882
4854
4685
4326
4047
3813
3635
3609
3566
3591
3593
3506
3174
2721
2566
2569
2613
2777
2766
2743
2800
2704
2796
2871
2885
2746
2727
2793
2925
3103
3144
3162
3219
3247
3112
3316
3539
3830
4080
4096
4079
3982
4022
4130
4148
4033
3972
3965
4157
4434
4285
4181
4303
4264
4394
4605
4605
4580
4614
4716
4894
5057
4811
4445
4235
4129
3968
3775
3876
3821
3684
3504
3506
3451
3329
3029
2519
2108
1665
1588
1497
1486
1493
1301
1076
1253
1479
1444
1464
1720
1781
1873
2151
2141
2011
1896
1998
1886
1903
1784
1720
1635
1589
1825
2087
2267
2321
2254
2134
2219
2079
2015
2133
2342
2282
2174
2354
2565
2739
2777
2638
2477
2140
1986
1996
1944
1822
1601
1598
1507
1173
964
906
933
981
728
738
767
834
803
578
692
605
360
221
338
341
420
568
404
237
-268
-645
-833
-949
-1141
-1146
-1064
-1323
-1201
-1004
-1051
-1169
-1268
-1259
-991
-881
-658
-415
-285
-164
-68
199
508
676
700
1048
1095
891
782
682
678
684
700
698
583
542
632
672
711
700
874
1043
1119
1081
948
804
611
469
298
248
117
-195
-542
-842
-763
-443
-218
27
103
150
261
292
585
879
980
1004
794
680
882
842
683
568
663
677
598
684
645
806
899
945
872
1006
1301
1137
961
1057
1094
1128
1157
1116
845
860
1139
912
826
907
1009
798
598
529
393
270
437
656
578
613
680
599
486
573
520
393
153
10
37
128
181
251
426
639
870
935
879
655
493
476
536
708
841
606
288
178
106
124
466
784
752
724
603
464
281
241
590
955
1122
1260
1260
1034
952
779
654
622
454
418
546
592
530
483
354
236
207
281
545
524
244
148
128
110
123
182
306
357
469
623
633
771
768
787
711
727
1012
1227
1530
1812
1995
2214
2406
2532
2613
2622
2802
2652
2403
2359
2413
2404
2317
2293
2110
2022
1931
1870
1835
1724
1919
2177
2292
2639
2768
3008
3186
3051
3119
2948
2850
3003
3196
3113
3087
3278
3367
3525
3579
3707
3939
4042
4119
4232
4307
4366
4565
4708
4831
4904
4859
4730
4816
4972
4946
5036
4951
4801
4455
4439
4581
4559
4705
4765
4665
4422
4235
3975
3707
3605
3526
3552
3694
3663
3568
3167
2809
2633
2701
2951
3225
3445
3392
3352
3391
3325
3229
3217
2960
2960
3044
3002
3183
3344
3436
3475
3612
3790
3745
3944
4103
4028
4086
4198
4186
4260
4253
4040
3897
3921
3846
3544
3665
3750
3704
3709
3945
4119
4164
4402
4538
4560
4476
4425
4370
4347
4333
4201
4143
4132
4129
4105
3847
3686
3643
3518
3531
3452
3370
3377
3271
3058
2960
3094
3074
3190
3298
3230
3287
3464
3443
3489
3518
3562
3576
3522
3573
3661
3992
3953
3814
3558
3506
3725
3672
3818
3992
4059
4300
4504
4557
4535
4582
4597
4824
5128
5347
5296
4970
4696
4402
4030
3699
3641
3534
3412
3118
2953
2748
2644
2789
2760
2727
2664
2572
2433
2334
2342
2290
2341
2408
2466
2706
2720
2616
2420
2388
2356
2270
2290
2276
2538
2530
2462
2590
2383
2212
2304
2288
2064
1933
1869
1893
2092
2054
1977
1991
1630
1470
1453
1400
1482
1345
1182
909
823
961
1004
949
1061
1236
1345
1578
1695
1622
1619
1575
1388
1367
1236
1251
1313
1353
1440
1393
1344
1284
1279
1319
1504
1628
1553
1543
1537
1477
1626
1708
1910
1940
1695
1859
2036
2028
2014
1971
1991
2062
2079
2176
2188
2144
2178
2136
1995
1911
1745
1570
1568
1336
1222
1274
1166
903
867
785
666
658
651
778
671
583
493
651
560
270
93
-205
-318
-302
-384
-416
-676
-1000
-995
-891
-568
-458
-306
-314
-360
-222
16
320
433
402
415
522
566
651
848
948
867
714
577
867
1301
1564
1723
2064
2041
1991
2268
2244
2224
2191
2168
1944
1876
2010
1839
1631
1371
1277
1192
968
1005
1071
1093
1333
1524
1728
1990
2034
2101
2102
1885
1637
1541
1350
1265
1271
1285
1404
1457
1562
1511
1305
1242
1336
1267
1131
923
705
476
211
84
-91
-321
-557
-682
-524
-607
-646
-521
-526
-689
-884
-793
-712
-673
-755
-739
-754
-821
-852
-922
-1076
-1076
-1249
-1441
-1482
-1519
-1434
-1451
-1264
-1126
-1038
-1080
-1192
-1081
-1011
-1040
-894
-839
-982
-1249
-1415
-1450
-1593
-1779
-1792
-1569
-1451
-1448
-1407
-1383
-1395
-1407
-1440
-1273
-1198
-1351
-1192
-1094
-1136
-1086
-1145
-1180
-1357
-1550
-1559
-1669
-1611
-1325
-1077
-702
-497
-470
-556
-531
-430
-649
-748
-896
-1163
-1260
-1276
-1248
-1255
-1069
-743
-596
-682
-769
-814
-818
-873
-874
-728
-609
-532
-726
-700
-626
-589
-540
-596
-584
-824
-844
-654
-436
-258
-443
-739
-1145
-1395
-1472
-1502
-1576
-1894
-2240
-2598
-2776
-2831
-2849
-2711
-2827
-3122
-3062
-3032
-3066
-3007
-3081
-3222
-3361
-3307
-3191
-3119
-3125
-3327
-3482
-3681
-3757
-3510
-3390
-3248
-3123
-3170
-3036
-2827
-2711
-2704
-2639
-2673
-2855
-2968
-2943
-2926
-2932
-2801
-2697
-2669
-2607
-2536
-2676
-2785
-2875
-2972
-3032
-3034
-3024
-2987
-2895
-2582
-2408
-2322
-2225
-2223
-2183
-2051
-1726
-1660
-1286
-1084
-950
-760
-684
-697
-613
-520
-607
-438
-541
-664
-776
-834
-799
-990
-1199
-1321
-1545
-1759
-1973
-2064
-2052
-2080
-2185
-2062
-2040
-2102
-2050
-2069
-2017
-2104
-2122
-2138
-2201
-2499
-2830
-2857
-2787
-2700
-2532
-2462
-2482
-2659
-2978
-3140
-3127
-3146
-3102
-2968
-2969
-3062
-3267
-3285
-3233
-3223
-3110
-3243
-3615
-3789
-3823
-3696
-3593
-3858
-4118
-4067
-3966
-3878
-3834
-3746
-3516
-3437
-3373
-3201
-2904
-2625
-2612
-2531
-2433
-2468
-2310
-2210
-2228
-2224
-2135
-2052
-2052
-2130
-2354
-2374
-2318
-2485
-2527
-2354
-2233
-2127
-2027
-2082
-2135
-2201
-2175
-2162
-2103
-1874
-1828
-1770
-1841
-1885
-1854
-1670
-1540
-1855
-1947
-1680
-1372
-1255
-1249
-1217
-1001
-878
-808
-620
-615
-488
-512
-514
-514
-743
-862
-867
-658
-386
-326
-282
-482
-939
-1198
-1455
-1524
-1388
-1220
-1144
-981
-977
-1054
-884
-940
-1212
-1434
-1592
-1676
-1701
-1726
-1867
-1991
-1910
-1829
-1795
-1839
-1861
-2148
-2232
-2288
-2625
-2818
-3005
-3149
-3288
-3146
-3108
-3281
-3337
-3279
-3142
-2966
-2801
-2650
-2454
-2294
-2058
-1947
-1831
-1742
-1822
-1803
-1694
-1503
-1415
-1319
-1100
-1048
-1114
-1399
-1777
-1836
-1788
-1650
-1578
-1586
-1769
-1851
-1780
-1876
-2001
-2072
-2016
-2040
-2029
-1935
-1858
-1946
-2041
-2063
-2036
-2067
-2093
-2196
-2260
-2386
-2528
-2417
-2384
-2444
-2509
-2507
-2542
-2538
-2610
-2762
-2775
-2783
-2975
-2949
-3028
-3209
-3250
-3259
-3183
-3190
-3155
-2976
-2721
-2340
-2048
-1912
-1706
-1705
-1553
-1398
-1263
-1225
-1358
-1344
-1609
-1798
-1900
-1934
-1958
-2125
-2112
-2174
-2246
-2244
-2305
-2374
-2388
-2285
-2162
-2167
-2104
-2042
-1968
-1952
-1896
-1869
-1927
-1932
-2055
-2004
-1984
-1859
-1675
-1726
-1807
-1795
-1716
-1681
-1702
-1771
-1865
-1798
-1748
-1685
-1478
-1491
-1658
-1564
-1457
-1523
-1508
-1474
-1410
-1483
-1557
-1648
-1862
-2054
-2192
-2261
-2343
-2379
-2410
-2540
-2476
-2317
-2314
-2273
-2094
-2129
-2260
-2139
-2098
-1978
-1822
-1713
-1623
-1572
-1570
-1643
-1611
-1593
-1659
-1780
-1858
-1766
-1709
-1802
-1899
-2056
-2119
-2134
-2330
-2407
-2432
-2429
-2413
-2341
-2209
-2174
-2049
-2112
-2294
-2291
-2338
-2369
-2334
-2382
-2425
-2487
-2437
-2372
-2428
-2549
-2458
-2369
-2419
-2370
-2377
-2463
-2495
-2561
-2739
-2849
-2893
-2866
-2881
-2907
-2928
-3015
-3067
-3065
-3243
-3320
-3337
-3281
-3287
-3301
-3331
-3411
-3126
-2907
-2686
-2461
-2277
-2126
-2097
-2088
-1938
-1926
-2015
-2166
-2234
-2065
-1968
-1978
-1983
-2125
-2280
-2230
-2189
-2072
-1822
-1560
-1458
-1304
-1347
-1310
-1152
-1140
-1206
-1240
-1310
-1366
-1297
-1581
-1782
-1780
-1866
-1798
-1656
-1528
-1348
-1346
-1399
-1573
-1461
-1316
-1250
-1072
-1105
-1139
-1303
-1445
-1544
-1566
-1518
-1419
-1373
-1288
-1210
-1241
-1291
-1425
-1569
-1790
-1983
-2014
-2192
-2264
-2287
-2366
-2381
-2481
-2493
-2555
-2552
-2590
-2443
-2406
-2371
-2404
-2495
-2305
-2223
-2141
-2116
-2102
-2158
-2418
-2682
-2741
-2892
-3068
-3220
-3252
-3094
-2788
-2676
-2717
-2612
-2598
-2517
-2404
-2568
-2658
-2673
-2613
-2432
-2415
-2472
-2711
-2830
-2883
-3017
-3067
-3005
-2967
-2898
-2784
-2760
-2716
-2710
-2765
-2775
-2737
-2611
-2417
-2336
-2274
-2219
-2232
-2384
-2546
-2475
-2444
-2546
-2778
-2963
-3129
-3157
-3034
-3083
-3055
-3007
-3024
-2929
-2747
-2753
-2752
-2801
-2860
-2833
-2930
-2883
-2738
-2660
-2585
-2587
-2640
-2722
-2642
-2720
-2905
-2899
-3109
-3131
-3015
-3001
-2996
-3051
-2877
-2586
-2515
-2433
-2408
-2390
-2456
-2624
-2532
-2459
-2485
-2521
-2551
-2448
-2445
-2539
-2500
-2444
-2425
-2430
-2498
-2504
-2395
-2509
-2607
-2529
-2578
-2657
-2716
-2974
-3255
-3301
-3229
-3193
-3244
-3184
-2912
-2752
-2742
-2641
-2694
-2838
-2784
-2744
-2668
-2655
-2682
-2488
-2184
-2001
-1801
-1738
-1788
-1660
-1647
-1446
-1352
-1488
-1720
-1935
-2109
-2257
-2311
-2496
-2556
-2598
-2637
-2523
-2427
-2358
-2244
-2160
-2092
-2034
-1917
-1713
-1499
-1537
-1474
-1396
-1287
-1115
-1124
-1072
-1050
-1025
-1157
-1268
-1275
-1386
-1469
-1379
-1301
-1238
-1438
-1538
-1686
-1803
-1650
-1633
-1698
-1907
-1908
-1856
-1772
-1718
-1646
-1675
-1794
-1962
-2012
-2069
-1986
-1848
-1912
-1911
-2034
-2000
-1914
-1795
-1762
-1906
-2025
-1923
-1850
-1807
-1784
-1647
-1553
-1675
-1707
-1603
-1455
-1433
-1377
-1391
-1333
-1329
-1405
-1434
-1551
-1682
-1707
-1652
-1616
-1684
-1714
-1587
-1474
-1296
-1079
-837
-667
-584
-328
-139
-67
-34
-39
98
189
290
438
413
385
499
611
721
753
692
598
526
452
335
413
432
292
68
-164
-260
-355
-527
-668
-722
-738
-733
-630
-354
-153
-17
76
124
179
260
391
534
708
734
708
700
667
588
614
808
802
774
821
822
816
759
699
647
585
464
224
36
-57
28
192
338
421
426
611
672
767
783
920
1022
964
892
919
991
892
986
