5170
4361
6778
5465
5021
5970
6839
4809
4571
374
-1645
-356
-4088
-4199
-8169
-10920
-10239
-11449
-11250
-11502
-8521
-7765
-9795
-2963
-4529
-12134
-6986
-6548
-4936
-5255
-7011
-1567
-6538
-6172
-3286
-1685
650
391
832
2368
5131
5700
2001
-1030
6312
5644
6829
10135
8270
10764
11048
10325
10132
10703
10190
11696
11790
9476
6871
6651
7429
7128
5254
2419
1318
-392
-1483
-2674
-3898
-4734
-4327
-3706
-2767
-482
537
-4378
-1829
573
990
4709
2720
834
-1469
2653
2325
3200
3414
2620
7147
5163
4167
2495
1487
1668
3750
2990
114
-519
-3076
-4146
-4925
-6303
-6105
-1361
-2688
-3864
-431
-3541
-558
861
-1331
-996
-2081
-1457
-1194
-3370
-3112
-3337
848
553
-541
1873
-1423
2521
7406
6633
1837
-1776
2808
2383
5223
5578
4043
3467
4469
3064
5928
7761
11948
8263
2486
3926
5557
6825
6852
6568
5084
4701
3299
2702
1026
1856
-153
-1550
-1629
-983
-2309
-3270
-5703
-7002
-8172
-9118
-10078
-11202
-9307
-10870
-5893
-9800
-12010
-8100
-8435
-7430
-3158
-1773
882
6021
4777
2900
5724
12463
13054
11486
14259
13385
14426
13523
15051
15142
14305
15488
14619
13044
12081
10594
8304
10799
10496
6757
7184
4878
4971
5654
2086
3484
3035
1654
973
83
192
31
-2763
-4338
-5830
-7834
-7861
-8726
-10849
-12611
-16221
-17542
-15163
-13398
-14828
-11938
-10200
-6723
-6685
-8385
-16
388
-427
5480
5486
8651
12031
13325
13095
13419
14457
16111
17716
15413
15433
15912
14420
14365
13856
12696
12240
10555
11214
8760
7479
7672
1742
3495
3989
1584
1641
-1237
-527
-6754
-5680
-9110
-11187
-11984
-11610
-6219
-9091
-7044
-9122
-11449
-9815
-7738
-6526
-2841
-1699
-8393
-1563
3316
1350
2698
1085
4355
-284
1819
1260
2121
1368
4867
8830
6663
5970
-2067
3577
5206
6753
9308
6522
6858
4572
4849
6857
6720
8452
8126
3906
5597
6257
4230
2000
773
-2238
-788
-1534
-6068
-5781
-5157
-6557
-8060
-6318
-4880
-6963
-6412
131
204
2749
1657
3088
6566
6082
6003
8320
11740
8419
8617
6239
7184
9495
8010
6877
6876
6057
4688
2630
1502
558
-624
-1365
-1473
-3663
-3692
-376
-261
-1779
-8031
-4840
-1818
-1749
-273
-349
-2681
-3195
-3207
-4458
-2811
-2400
-4323
-6180
-1148
-3969
-817
-790
-2370
-1934
5948
6350
2360
4788
8111
7989
7591
10277
6539
13139
13943
13709
13121
6325
6781
8812
10847
9088
7681
5810
4923
2619
3877
1354
3219
2985
1063
1256
-2116
-8927
-7542
-8183
-8576
-9725
-11385
-12012
-14701
-17838
-19033
-14523
-12027
-11998
-13717
-15127
-11457
-10460
-8552
-5593
-4967
-3571
704
5018
3936
3026
12264
10861
9395
15972
15595
16176
13516
11793
12430
15025
15443
12720
16351
16023
12008
12116
10594
9750
9678
7431
8766
7421
5456
6129
4227
3035
1212
-2497
-2706
-1686
-780
-3967
-8647
-5903
-8334
-8688
-10656
-11185
-12820
-13804
-10651
-14349
-13384
-12609
-12206
-12530
-10618
-5782
-2166
-6583
-2096
909
-494
6617
7453
11085
9902
10686
13840
15050
15089
11237
12416
13832
13140
11437
9848
8367
13722
14845
13290
11385
10561
8728
7863
5735
3902
4880
3658
4725
905
-388
548
-2395
-1948
-5366
-6108
-3497
-2748
-5400
-6159
-5602
-7826
-6363
-5604
-5268
-4098
-3152
-354
-2469
-6396
2202
2335
-2175
2790
1783
1837
-855
114
-195
32
6267
4277
4082
2109
3059
6604
5296
7710
9324
8139
3924
4912
3683
7595
9343
7982
7489
5516
3983
3914
2452
-131
-606
-2963
-1858
715
-2719
-5866
-435
-617
611
454
-695
-5746
-3447
-6459
-3817
3112
4095
2169
-1426
4375
2886
3114
5908
7637
6989
-94
928
593
-618
-728
-1540
-2890
162
-235
-2497
-4273
-6292
-5173
-8124
-9859
-9526
-6097
-2431
-7057
-10970
-2925
-2555
-1838
-768
-1215
3668
-1065
2673
1589
842
2928
3525
4418
3183
3675
1918
5376
2817
3559
6895
9640
9144
10963
3042
6615
15279
9910
15171
11823
12900
10602
9986
11212
8683
9243
9029
8877
7621
6948
4197
2535
1300
1018
-939
-2108
-4219
-6010
-6854
-8924
-6186
-9533
-10853
-9399
-11816
-10823
-11430
-9641
-10695
-9881
-5720
-5128
-10334
-4722
-3367
-1572
792
-3413
2761
1599
2475
5246
9557
8086
10143
10341
12841
14997
14111
18269
15174
15645
17101
14836
13429
11791
7275
8769
8339
9505
8641
7725
7251
5185
6305
2818
617
46
-453
-4051
-6416
-7312
-6418
-8403
-7836
-6172
-8254
-6943
-8495
-9433
-11100
-10460
-11543
-9025
-7189
-13642
-11791
-10776
-12822
-14546
-13398
-12151
-7122
4064
730
-2759
1427
2546
5554
11180
7440
11264
11233
11801
12353
11697
14107
13641
13379
12950
11768
10250
9499
5144
9179
10312
2901
2457
2570
1987
2299
3109
-1677
-1573
1383
-2046
194
-1533
-5038
-4730
-4423
-4718
-4343
-7985
-8460
-5969
-7760
-9721
-9798
-11595
-12043
-10486
-9553
-4579
-7661
-4756
-8196
-7628
-1911
-3705
-168
-5488
-4729
2231
2164
6351
3347
910
1625
2412
6757
9923
7683
6702
7817
7556
8684
8000
7970
8909
6978
6728
9050
9003
8101
5714
7968
7900
9265
8976
6026
1045
-140
33
3522
-4496
-5745
-4654
-6047
-4229
-3711
-3696
-4617
-5295
-3558
1080
-4050
-4256
-1041
2530
5483
3516
5634
2333
3187
385
944
2301
1611
1450
-1692
-4272
-4693
-6250
-7159
-3360
-5252
-260
-3672
-3735
253
-1204
1941
4065
3366
3513
7497
9657
8785
9068
6026
5038
9744
5780
6539
7154
5143
4192
2237
1896
1500
1593
748
-158
-255
3740
3650
830
4728
5711
7074
8959
7665
6365
3366
916
296
1403
-1063
-1433
-1531
-2397
-769
-3297
-4031
-594
1722
-2905
-1025
-1801
-7273
-5549
-7569
-6802
-6826
-6882
-3909
-3913
-9457
-7896
255
-4403
-8167
-1709
-1201
-1621
-2488
280
-526
294
-2059
-2516
3920
4170
7773
5962
5772
831
7081
7907
7967
15122
8955
12405
10313
8588
8446
-1321
8968
4758
6750
7494
2042
4590
4805
-1242
3039
6660
-4690
-1411
-1873
-3952
-1856
660
-141
-3310
3514
-63
-5143
1707
-7223
-8245
-7840
-8497
-10140
-9703
-8666
-7366
-10460
-11613
-10770
-11681
-7008
-6461
-7608
-4402
-535
-3564
351
9683
6308
10434
12662
8774
11667
9261
9723
9180
7879
10926
9157
11140
12268
7279
7549
11039
6754
10871
9897
3414
6281
4940
5939
3919
7310
5562
3587
6912
3858
5348
1242
1084
-468
-3219
-1534
-3941
-3718
-5401
-5204
-7555
-7371
-8145
-8349
-9214
-9212
-5783
-9136
-4210
-10012
-7746
-4792
-8504
-3400
-8244
-5965
-1712
-2681
-5841
-4477
-79
2288
4011
513
5331
6463
4629
7353
5310
6872
7722
8457
8989
9427
7851
6268
8700
8756
7465
5663
6158
5572
321
-532
1775
-56
-2271
-3417
-3158
-2417
-2382
-3373
-4161
-4211
-5269
-5641
-4512
-2564
-496
-6174
-7166
-656
2420
1840
1581
1211
-4349
-3110
-1579
-5761
-2647
-4410
-6056
-1835
-6659
-5237
185
-3511
-947
1940
-1834
-6162
-80
-2792
2186
5144
3948
7506
5981
4975
8090
7632
7801
6821
2018
112
377
875
2443
3304
898
-2547
-4070
-4154
-6123
-2046
546
1797
1386
5649
-4751
4346
7689
654
4491
623
2384
399
2724
2629
-53
5472
3926
3214
8266
6541
1015
1894
2908
3618
3498
-2600
-3110
75
-2842
-3069
-3074
-5342
-6801
-5256
-6889
-4866
-1089
-6131
-9513
-6420
-2676
-4757
-2481
120
-2003
-1631
-1199
-1651
-4029
-3400
-3316
-446
3490
5668
3625
-4115
4279
8127
7285
11048
11226
10119
3550
9894
10158
5787
4072
11798
12499
12023
11230
6000
7416
3150
3993
6727
4123
4690
4041
3894
2530
2456
2876
1714
913
-1811
-3814
-5280
-8751
-10143
-13420
-13156
-13912
-14331
-12885
-13962
-13750
-16356
-12049
-7722
-11117
-15683
-12209
-763
-145
-10964
-1082
7114
-149
6931
4881
4502
7456
3934
7902
11219
11428
10280
15492
15498
14768
13238
7868
10807
8161
6683
7287
8240
7988
7495
6232
4603
4001
3784
3127
2169
2237
-1610
-3159
-4883
-4594
-6766
-8262
-8424
-7677
-8897
-10140
-12337
-15964
-16103
-18020
-18605
-17438
-11917
-10956
-12899
-14128
-5243
-6420
-9488
-4774
-5939
2604
-3368
-3049
2816
891
4766
7475
11951
7866
10509
13062
10546
12903
13358
13037
13037
14134
11994
11826
9368
8197
11104
9872
9943
9285
4920
4925
3710
658
-1246
-96
932
-1049
-1472
-3944
-5161
-6440
-8394
-9701
-8907
-7670
-6098
-1010
-3173
-9214
-7323
-1091
1446
1839
826
2796
2622
719
1819
-34
2995
-1218
-1382
3646
871
1215
1419
1532
3965
158
-2947
765
3571
5146
5328
7236
4519
5909
6344
9900
10428
8223
7508
6441
6152
4240
5197
2486
1431
2171
425
-532
-3942
-4842
-3756
-3708
-1140
1365
2378
-1714
-2368
6012
6414
7278
9263
6331
9012
9488
8991
7637
1758
5492
5811
6556
8824
6159
4523
1849
2559
937
-560
-940
-695
-2256
-2792
-4788
-4893
-5428
-10049
-8563
-9165
-5715
-10367
-8630
-5114
-6727
-3155
-2690
-2406
-4762
-5057
-3345
-3285
-2042
-1963
-3094
-510
2876
5060
9107
4700
7720
12958
12447
13367
12242
15725
14474
9347
11616
12541
11320
12040
12320
13870
11927
9181
7870
7414
6273
4022
4753
2809
1781
817
70
-863
-4342
-3231
-3415
-4412
-3245
-6283
-7861
-8814
-9155
-11339
-14618
-13374
-15549
-16107
-14795
-12149
-8788
-9736
-15630
-11087
-3738
1086
6032
4041
3428
9659
13531
13331
18796
11280
11217
15153
12963
13817
11809
13150
13176
16687
15681
13065
9746
7928
7017
11627
8880
6425
8187
4239
5464
3036
-1594
-29
-1851
-1573
-4394
-891
-2779
-5024
-6098
-9097
-9209
-9634
-10188
-10745
-15534
-17107
-18499
-18059
-18476
-9303
-10832
-7153
-4013
-5131
-5951
-2341
585
911
-3059
1920
5169
3204
6847
7993
12213
14748
9704
12398
13150
17744
15873
15408
15058
15500
8392
9199
7563
6847
10639
9326
4095
3211
1702
-12
605
1533
346
-3699
-3997
-4154
-6259
-6146
-6371
-5803
-8863
-9913
-7303
-7750
-9226
-8805
-7673
-4208
-1528
460
249
-463
409
2254
8104
5855
4151
5531
4815
3492
4501
2186
644
2607
1912
6186
4778
5330
6208
3405
1329
2244
5361
7144
7894
6102
6006
4862
6913
7878
6919
4303
1732
1217
1505
1087
981
465
-606
-5681
-3291
-4110
-9698
-4405
-3474
-2871
-1616
-1032
2174
5179
6343
-743
3499
8236
7411
10767
8387
7303
7733
9794
7528
7984
7742
7016
4418
3917
6949
3669
995
316
-521
-2534
-6192
-6824
-7744
-6015
-6926
-5386
-5922
-7916
-2538
-943
-7257
-11527
-4606
-4131
-3661
-3227
-6687
-344
55
-1322
1014
1123
2672
2350
2743
2576
4344
9543
4174
8703
8247
7252
14806
10506
10327
10426
11553
13100
11466
12092
11161
8413
9682
7382
8691
9885
5656
4333
3255
4722
269
-413
1166
-3004
-3295
-6189
-3783
-4229
-5604
-5847
-6811
-8860
-6806
-9552
-17466
-13938
-11514
-11894
-9316
-10573
-9946
-5639
-4905
-9339
-9238
-476
-4551
1468
9954
6715
4425
6056
14179
12672
14268
15607
15041
15108
13287
15092
15134
13704
13669
13744
14764
13703
12018
7602
7018
7554
5981
6429
4710
2942
2760
824
1379
-2463
-1495
-279
798
-1473
-5891
-2870
-7209
-7876
-5730
-5997
-6542
-5520
-5006
-6629
-7196
-5483
-8299
-11279
-6994
-6820
-4470
-4088
-5090
-6080
-271
3026
5512
8366
1964
3678
6004
6774
12685
10249
8457
10419
10238
13485
13973
12828
9386
10038
11374
10520
8289
7163
6169
4060
6057
2413
2743
3379
-2298
2060
2249
-266
926
233
-302
1251
969
-564
-377
-1737
-532
-6852
-6439
-1872
-3524
-1992
-391
1520
3715
-3372
-3241
3801
-2814
1551
3434
2339
4617
119
-690
286
-1570
-3787
-4630
-4299
2943
-1609
-1788
-5470
-5473
-4260
-3948
3757
1732
4156
-4085
-399
-2319
-1230
7711
2783
6103
4915
3862
2663
1528
2945
3329
1678
3994
3221
-3454
-3018
-2181
151
600
952
2153
4453
4605
3104
-387
3188
4937
4687
6642
8798
4453
3887
3716
1951
-428
-1401
739
-494
-391
-1042
-85
-2889
-4448
-4585
-6263
-10817
-10031
-10734
-12023
-12006
-7733
-7024
-8316
-5380
-9155
-6649
-4719
-687
3286
710
3315
-776
-2769
2211
3814
931
-1285
-113
-101
2350
3315
4092
5196
7095
2571
3706
12877
9812
11078
8747
11350
10114
5647
8418
7631
8216
9622
9072
6975
4880
2143
945
826
1203
644
-685
-1711
-4792
-4215
-5751
-7875
-6594
-6789
-5181
-5227
-5151
-5629
-6749
-8055
-5701
-10275
-13864
-10072
-10262
-6859
-5511
-6552
-9678
-6580
-2789
-1419
1721
4809
6874
3956
4467
10447
13642
12849
14775
12747
11338
12806
12316
10554
10078
10785
9582
9471
8339
9526
6057
4206
4193
8412
3849
2763
6945
2384
3535
3623
1649
3111
3245
2841
2177
1377
1372
1566
-2602
-5690
-4253
-5426
-5258
-4903
-8418
-8723
-9695
-10657
-10060
-10467
-10842
-8799
-4629
-4580
-7724
-7562
-228
539
4290
-3740
-3946
2421
-326
11409
9715
10320
4874
4564
9530
11286
11472
9330
7305
8878
12789
9411
9892
9779
10398
9631
9960
11352
7742
11178
7903
4870
8321
866
834
4011
1759
183
-859
-236
-1100
-2738
-4192
-5519
-5930
-5983
-6104
-6653
-3765
-2498
-2753
-4619
-5274
-516
-305
108
-804
-775
-486
-3178
-3238
-2556
-5841
-3102
-4236
36
4573
326
-657
-2653
5191
4822
5869
8682
7136
9429
8833
8977
11756
12828
11526
7231
5364
8871
5438
6068
3796
2741
3169
1216
2805
917
717
-5244
-4692
-4007
-3683
-4432
-1154
2117
3268
1084
-2871
2955
3506
4807
4474
4176
-1611
-2846
-1244
-1962
-3555
-2003
2355
-457
-988
2854
-1230
-6654
-7375
-2274
-1115
-2179
-2703
-2708
-3383
-3044
1014
1206
184
-397
-4720
971
582
-1861
2654
4821
3439
5492
1290
1893
-504
-1776
-760
-795
-2473
554
2804
4994
8272
7596
3418
5639
10864
10168
2647
3332
5318
3727
6203
4628
4826
3016
1023
4148
8277
6610
4502
1237
-332
3042
3637
1255
1321
714
2197
814
-4699
0
613
-773
-574
-4168
-5362
-6479
-7839
-8962
-8990
-8834
-7263
-7500
-7749
-5474
-10692
-10608
-6323
-4339
-676
-1478
1497
6217
3737
3329
5813
4618
6165
5795
5252
11382
9919
11973
9680
6294
12176
10063
10239
10444
9730
2873
6723
8313
7131
9468
7981
3336
-977
775
2391
1337
2786
1557
290
-293
-950
-3126
-6194
-7744
-5820
-7004
-9447
-7689
-8820
-12195
-10477
-10429
-12408
-14313
-14618
-12968
-11778
-8157
-10026
-14069
-10273
-879
1890
-1325
-2764
2592
6416
3976
10532
9448
7446
10300
9825
13401
15451
13928
13661
13803
15915
14862
8807
12124
11439
11633
10919
7849
8416
7222
7418
1873
4472
3853
2112
2629
574
59
-3674
-1517
-2646
-5375
-7309
-9411
-7598
-8252
-6613
-6047
-5803
-4427
-1963
-6751
-8926
-3610
-4873
-4083
-6096
-2349
-2492
-4822
-4119
-3786
-3887
278
2552
1574
5880
8804
7952
2658
2573
5194
8112
11352
7940
4732
4554
6325
6970
4387
9862
9044
9676
9744
7749
4949
4693
3694
2601
229
-2520
-3558
-6407
-5285
-9494
-4578
-4117
-5385
-5275
-3722
1898
-2738
-4935
3810
2627
-1287
1755
1711
1726
6072
5422
5967
6250
5709
6932
7302
8684
9991
5492
-609
-2931
-781
91
-1500
-2418
-6100
-7364
-3600
-3469
-1232
2347
-162
-10340
-7777
-1924
-3345
-2901
-1970
-3214
-2198
-1186
-3044
-2365
-2671
-3636
-4832
-4791
-2382
-2158
1669
2915
5217
2791
307
8900
5370
7284
6910
7834
10294
7871
9238
9509
13027
12161
13320
10933
7906
12255
9978
8554
8240
6251
5408
4991
3438
2446
2622
2755
1853
-263
496
-1264
-1524
-3576
-7029
-8832
-11583
-11937
-15161
-15938
-14372
-14441
-12054
-10073
-14078
-15791
-8536
-10200
-5557
2
-3282
-787
-4894
2133
5602
5448
9105
9966
12316
11007
14046
15158
16928
16791
11263
10513
13700
12593
12150
9076
6245
9150
7422
6482
6739
3879
4990
5874
4113
5306
2330
-515
-1858
1122
-4456
-4843
-7227
-7474
-5950
-9018
-9437
-12912
-12878
-14732
-16515
-17516
-19393
-16753
-17521
-12000
-12130
-12295
-13808
-10601
-5698
-3435
600
1170
-3613
-2003
4621
5292
9991
7510
11627
12313
13434
13090
10290
15582
13993
17120
8328
8297
8359
7943
10155
10634
9083
6716
6071
5134
3974
1281
125
2012
93
1801
-564
-7230
-8090
-8239
-6634
-5124
-8591
-6737
-8379
-9269
-8790
-8574
-4284
-4181
-7435
-9790
-1648
-1038
3206
4367
3442
4238
2669
-2452
-2114
1167
-3368
-1455
-2483
-2371
598
5088
2969
679
447
2683
5706
5471
2605
1693
2265
1487
3226
2159
4112
4725
4279
5045
3545
-169
-1783
-2460
-2946
948
-1767
840
-7134
-7590
-6828
-8922
-6161
-7311
-1556
-699
2877
-1489
1368
10055
5176
7015
7880
6430
2542
4804
1838
5172
7364
4384
6511
4881
4955
3373
532
803
-656
-3392
-3722
-4797
-5507
-6905
-8301
-8654
-10581
-10840
-6630
-4147
-6421
-12062
-9199
-8818
-6146
-3596
-5610
-878
-1779
-2208
-23
-1865
-2911
-2612
-2500
-2580
1743
4761
6549
7237
4206
13209
15609
11028
12003
13512
11110
10994
10663
9642
14637
11479
12359
11968
6941
6983
5566
4499
4336
3638
1922
594
-2357
-4989
-6267
-3133
-5680
-9451
-8208
-8333
-8562
-9517
-10223
-10683
-11774
-13666
-13452
-14413
-15420
-16326
-14383
-15632
-12752
-8376
-11196
-7370
-2116
-236
5054
8664
2009
11512
12272
9031
14281
12147
15565
14534
13110
12525
15643
17136
14956
14616
12877
13346
14242
11454
9360
4117
3138
4228
2955
2331
703
2230
1490
255
-2641
-5219
-5315
-5656
-6387
-8673
-7361
-7883
-9969
-11627
-11504
-11141
-14545
-13718
-12580
-11476
-11534
-10853
-10186
-6808
-4385
-6672
-10451
-8728
-4725
-5632
-1208
2637
6143
2383
1466
6371
7162
8415
9638
12373
12340
12994
13599
12064
11033
11191
11683
8692
7036
7515
8660
9748
7283
4241
3278
2147
-170
-1753
-3247
-3192
-805
-3099
-4311
-3973
-7087
-7132
-8127
-8771
-9081
-6268
-9456
-8098
-5431
-3951
-5896
-1124
1046
-2125
3250
3359
1793
4467
1917
1995
-1010
-2161
-915
634
502
-2104
-2505
-3348
45
754
-638
1647
2477
-4067
-2748
-149
-1355
308
-175
4565
2693
4383
4264
1588
3164
2044
2179
2300
2935
1541
318
1461
-674
-1812
-39
1058
-1619
-1571
-4242
-7664
-964
2994
4144
-1617
-405
6731
5030
7328
6065
1555
3414
9191
9582
8708
5660
751
3244
4042
3349
2758
67
-1121
-1420
-1311
-3541
-7786
-7316
-9232
-8054
-8281
-9068
-7967
-8542
-8148
-10150
-4743
-3002
-7570
-9894
-5228
-5467
-1647
1443
-1973
1335
3331
2326
-2501
2400
2935
4739
7433
8440
7437
4430
13290
15140
8905
11357
11426
12980
10226
10124
10445
9848
6865
6188
6595
3686
4925
5329
2603
3217
723
-1445
-2011
-4342
-3681
-3760
-1506
-2097
-5348
-5969
-4008
-3639
-5726
-6838
-9984
-10246
-10065
-10637
-9756
-8720
-9220
-7066
-10619
-11884
-7923
-7837
-5653
-2674
-4375
-2771
2010
-425
3205
9495
10640
11651
13552
11091
12009
14989
14081
11336
7573
10632
12485
13224
6453
8315
7071
5563
5979
6006
1656
-82
653
-1514
-4053
-5095
-3095
-2558
-1305
-2342
-737
447
-1570
-2298
-4418
-3811
-2771
-3017
-4512
-10179
-7280
-7097
-9777
-9092
-11521
-5022
-3687
-6468
-4051
-5078
-6347
-3353
-681
749
-1221
-1194
-1816
-1103
5859
5969
-9
-1785
3088
3469
5090
6142
4822
6529
5774
4796
5482
7453
2832
3069
7106
5275
4488
5285
4804
4676
6127
7810
6383
4210
4333
2351
3066
-4317
-4285
-399
-3575
-2212
-3041
-2703
-3173
-3634
-4133
-1001
1008
1917
98
-835
3948
3769
3052
3854
2566
5583
4590
3158
-1623
-3173
-3248
-4331
-1412
-106
-2918
-3436
-10366
-10063
-4961
-7176
-3322
-411
-7275
-9662
-4904
-631
1637
2603
563
349
2223
4334
3330
-1023
-1025
5536
5913
5686
3671
-351
-1153
-945
1632
16
-531
1343
3911
5473
2276
2322
5643
6667
7382
7792
5416
4992
8397
8230
7586
6002
5779
7063
4708
3285
2116
2849
1857
-2286
-622
208
-713
-2479
-1934
-1498
-2109
-2071
-3466
-4018
-6055
-6882
-8463
-8769
-14005
-9490
-5285
-4614
-2512
-8981
-5793
-4979
-4607
-4155
-5038
-3005
-2579
-1820
1545
4371
7253
2098
3021
11518
11546
10221
9398
9896
8811
11049
9479
10712
9653
7655
6376
5822
8498
5266
5901
5421
7247
6482
4422
4947
1816
2410
2396
818
2137
1876
4238
-190
-3949
-870
-3792
-4537
-6213
-8550
-7613
-7589
-8472
-11276
-14001
-15790
-12687
-11395
-12444
-10994
-14158
-13061
-8678
-5746
-2439
-2638
-8066
5816
5282
9164
8484
7249
8859
8659
10018
9351
11112
3289
7403
14294
11799
11892
11476
11614
12951
8322
7345
6998
6443
6753
8119
1673
-2335
5996
6196
6249
4931
922
464
-822
-2074
-3174
-2492
-2810
-5546
-6905
-7007
-7843
-7989
-8022
-6895
-8399
-8224
-7633
-11895
-9320
-4708
-2534
-2883
-3310
-2968
-4616
-4639
-5612
-3415
-8561
-1711
622
-26
3362
-4616
3177
3544
5210
11600
9087
10315
11528
13353
11615
5672
8093
10602
9064
10145
8547
8032
8380
7792
5589
4887
3180
1952
988
-1275
-2571
-7446
-4200
-2893
-4786
-3341
-4216
-1191
742
-4362
-2241
942
-2054
1877
1395
1450
622
-921
132
-2580
-271
-80
-407
1858
1897
914
26
325
-1144
-161
-598
-1579
-2288
-8104
-6949
-732
-5522
-1769
580
-1195
-1597
3214
4584
3780
4282
4404
2042
334
-64
-1169
2066
1511
-2888
-1978
-1898
-1355
282
3698
5477
4638
-684
156
3847
5115
2399
566
3997
-2222
2387
5323
1310
2749
280
2685
4746
2983
3275
3961
4691
6561
4158
-2669
-2864
-3530
-3735
-1861
-3964
-3166
-2332
-3459
-5244
-6026
-6801
-7279
-8577
-11788
-11002
-11234
-11596
-9765
-10060
-11419
-9230
-7788
-13965
-7599
-3893
-3444
2110
994
-1080
1025
3247
1232
8405
5654
6924
14105
10608
11502
10775
10889
14076
14901
17746
14452
10680
9723
12192
7330
3848
8526
4182
4747
3350
1274
1883
189
-1030
-695
273
1300
-74
-762
-2316
-2971
-3818
-6734
-7679
-8833
-9884
-10406
-10724
-12987
-12726
-12357
-11354
-10692
-10365
-5892
-7973
-11446
-4456
-5645
-6358
-1635
-3760
1898
1607
-737
6561
10356
10821
11752
13438
13343
14255
10071
8100
12695
14031
13746
11549
9242
8927
9145
7609
5041
4442
5611
5585
3651
3403
1979
-695
510
-1134
-2340
-3584
-6449
-7348
-8418
-8170
-10536
-11033
-12890
-13373
-8926
-7565
-7174
-755
-4838
-7913
2503
-1138
-256
2649
114
-83
2
-720
4
1427
-710
2147
154
-620
3111
757
-92
921
3391
2355
-2243
1496
4478
3927
6813
4099
2986
5049
5192
5958
5752
4153
1581
1569
-2411
-3652
-3371
273
-1125
-2078
-3126
-5808
-4236
-7805
-4566
-6575
-5432
-1711
-548
-2815
328
4833
5438
5326
4480
6145
5666
6440
7452
11643
6387
5388
8967
8353
5834
4020
3179
2597
5185
2203
-1726
-3834
-4152
-4492
-5322
-6529
-6810
-5119
-6260
-7683
-8657
-7992
-10074
-3563
-7012
-10268
-4310
-5188
-8826
-8782
-8208
-9246
-8356
-7014
-7654
-2981
1049
4413
5831
4049
3843
10533
9783
12394
11751
15230
10068
12178
10018
5210
13554
12405
12024
13598
14265
10179
12061
9805
11115
8823
3036
4310
2945
3401
291
2411
-603
-1654
-2017
-2105
-2805
-6567
-7558
-9551
-7997
-8851
-12099
-11821
-12152
-13600
-17335
-17292
-15762
-17130
-15957
-11229
-10000
-6711
-1179
-7012
-6940
3101
5441
8919
8979
9065
10887
6734
10340
14537
14272
12652
14536
15818
17222
17201
12720
9565
9675
12140
10343
8775
8042
5767
6413
5705
4896
4918
3079
3176
1910
2960
2416
-755
-3892
-6314
-8154
-6746
-7910
-9618
-7240
-12789
-13855
-10170
-10312
-9891
-7229
-3909
-4061
-1794
-4973
-6506
951
4616
760
-1133
1384
-3558
-2133
-457
1943
2186
3598
5485
971
3346
5636
6029
3275
4227
4330
6505
7645
7024
7951
7695
8977
6822
7214
8084
7891
5567
3165
51
-2212
-1628
-1231
-4651
-3235
-4171
-6669
-2274
-3902
-3229
-1114
-3125
-3219
-1715
-1375
-492
1070
-4057
4103
4883
2289
7367
5001
6199
4855
5794
5417
5671
3255
2614
2716
208
311
-1382
-3838
-6106
-4855
-3479
-5772
-4178
-3351
-6106
-4641
-4263
-3623
-7585
-6426
-4260
-6189
-3168
-1611
-2875
-2784
-1420
-3892
757
1712
-2087
-70
748
-2147
-760
633
-553
3650
4357
8556
3743
-623
10740
9604
8189
10698
9451
12426
9310
7146
10042
10509
7665
6853
7889
6579
6995
5339
1294
-721
-1169
-2684
-2134
-4937
-5826
-5482
-5417
-6323
-8419
-7692
-8122
-6942
-11092
-11816
-15329
-18059
-13687
-16704
-14129
-9332
-8412
-4233
-7642
-12176
-4097
-679
-1357
3901
-2503
681
10871
6766
4610
8539
10649
13691
17127
16912
16956
15836
17314
15432
11633
8129
13714
14810
12469
14916
10956
3451
3002
4594
6478
5275
6535
1636
-142
-6310
-4605
-751
-2048
-1204
-7685
-12249
-9563
-6184
-8024
-7484
-7093
-6416
-7786
-10372
-8076
-8263
-9128
-6040
-12447
-13280
-6746
-8831
-3948
-2674
-5663
-5899
-67
3338
2223
7986
710
7773
6536
3340
11072
10817
9067
11201
11434
10070
9825
8633
11221
10705
11367
9673
9099
7591
5862
7260
6147
4427
3961
-2934
-2032
-1415
-3543
-2575
-4906
-5460
-5568
-1274
-2679
-2113
-5678
-6864
-7352
-12916
-8341
-6815
-7094
-4939
-8094
-4716
-2813
-5003
-2966
1564
2093
1990
2940
2091
156
-144
843
1606
-1943
-3689
-5238
854
1831
-1875
-2017
-1048
3192
-2619
-1797
2478
1658
1404
483
2965
2976
5700
5744
2774
3983
6756
7998
7366
6963
5711
5879
4203
4437
-1414
-1987
-1701
-3320
-1369
-1379
1329
1527
3960
4997
5103
490
4475
7908
3236
5422
3247
3444
2541
74
3646
5023
4874
4793
3072
5527
2930
-125
-2112
-3951
-1345
-3279
-5387
-3415
-6066
-7450
-5310
-4542
-5947
-6128
-4727
-5064
-664
-376
-1253
-5074
-1175
3683
-1777
2098
4266
1657
4123
3075
514
66
3590
4082
-405
4990
7588
5728
4729
8950
12485
10553
11216
7830
5293
9567
6571
7807
7799
3292
3530
2092
5517
4205
2077
951
-714
819
-54
-1909
-370
1951
-1255
-327
-1718
154
-3320
-2686
-2807
-4018
282
794
-3267
-6535
-4312
-5772
-5665
-6831
-9127
-8742
-9054
-8854
-13101
-8314
-5547
-3902
-5861
-1913
310
-6402
5769
6628
5025
8438
6472
7483
8623
11196
9909
11143
10185
9565
10492
11491
8379
6557
7208
3509
2838
3632
4956
4234
5611
5787
4949
5177
3226
2990
2704
5125
-138
-715
2223
-1179
1040
-2296
-4687
-4417
-4183
-5992
-7256
-9213
-10607
-8381
-8900
-5579
-3434
-2490
-2178
-6814
-12613
-5448
-5849
-745
-940
-1968
-5178
-8023
1024
-1936
-3060
-912
-1450
4930
7741
1718
2113
6229
6478
10079
7845
8430
8107
10007
9596
6672
5557
9056
7124
5015
9807
6860
4448
6958
6465
3936
4716
3078
-4100
-1244
-1727
-669
-3355
-4618
-6683
-2417
-2171
185
2391
1057
1969
-9326
-2489
2477
703
3640
-238
219
-1325
-3167
2585
-5803
-3916
-4917
-5411
-811
-2720
-4006
-3824
-3670
-3228
-4428
-2146
-1369
39
2323
-7451
-3071
1502
-998
4569
3222
5815
6462
5157
5793
4724
4852
2808
5113
3704
3101
4361
2190
2224
605
424
854
84
4557
5380
-1954
2221
6557
5239
7271
8179
6754
7110
7712
6304
5260
1317
5147
4643
4746
6961
4177
5050
4926
5476
6919
4903
5136
382
-2593
2671
-1482
-3608
-4725
-5982
-6868
-7118
-7629
-9125
-9969
-8573
-10823
-12045
-10456
-8791
-8446
-16242
-12696
-10425
-10786
-6974
-5670
-6318
-3063
101
4914
491
-2316
7010
6858
8315
10727
5867
7582
4537
8549
8738
7577
10568
11043
10647
9847
11367
10238
9321
9569
3880
5031
7733
4270
5445
4938
4371
3030
1097
1572
-1019
-803
-1771
-3889
-4867
-5994
-6614
-8623
-9904
-10388
-12248
-13456
-13633
-14677
-15091
-16553
-17880
-15633
-15490
-11960
-9924
-10594
-6914
-1571
2057
-1329
-4961
-3210
4258
6206
8914
8997
5990
8061
11756
13891
16363
18731
13266
12476
12279
11744
11821
10257
10687
11137
10180
9973
10010
8036
8262
8531
6786
3731
3217
2176
-1844
-3197
-3580
-3958
-3565
-4890
-8410
-9391
-11826
-10913
-11023
-12163
-11025
-11567
-8096
-10049
-8934
-11196
-7819
-3780
-442
-660
-4889
-2757
-3234
-1362
-2430
794
-263
955
-2068
-1595
3157
3415
1469
-6255
-370
4142
3288
7327
6321
5595
5945
6270
5922
5755
10743
10550
11482
8832
1013
873
1326
2796
1907
-3607
-2619
-3897
-3103
-4763
-6044
-6388
-8972
-9483
-5380
410
-1380
-2833
-5461
-2921
2974
2474
6282
3347
6862
7418
6911
5278
-891
725
1843
1568
1209
4069
3195
1086
3003
3278
3898
-587
-899
-2410
-3725
-4422
-6334
-4917
-4436
-1791
-285
933
-4911
-5219
-2021
-3016
-413
-230
619
-512
-1711
-2753
-1969
-2158
653
1502
1492
-257
1232
9718
4784
-607
5119
8356
6648
10709
13598
9867
8211
12127
8263
7846
10075
8393
7649
6718
7753
7460
4307
3309
4985
3826
2942
1565
1039
517
-658
-252
-1036
-2242
-5370
-6280
-6445
-7398
-8357
-9241
-8307
-10588
-12328
-13661
-12653
-16384
-15047
-12513
-15919
-15983
-14258
-9796
-12882
-10406
-4859
2885
-2478
-221
8896
7936
7559
12057
12431
12513
14552
13353
11679
10463
9381
12173
12162
11899
12999
11113
8927
9291
9811
5037
2459
5965
4693
4987
-1999
-1864
-3160
-217
-2051
-2634
-3967
-6444
-6257
-5374
-6512
-9608
-7391
-5500
-11724
-15266
-13276
-10742
-11588
-9947
-9510
-8886
-7548
-6276
-856
-5708
-12372
277
-1617
-2516
928
-942
1650
3345
6881
7387
3139
4288
10317
7511
9306
10215
9427
8705
6920
8328
5582
6747
8020
8374
7796
6322
5305
4646
4229
2879
3164
1826
-1490
-1965
-4274
-3161
-4977
-9143
-6150
-5118
-4457
-6071
-6622
-7169
-7822
-7071
-7373
-5685
-4163
1231
886
-5944
4615
5446
1067
10489
2558
7417
7685
8034
6408
672
264
1335
3194
-4
-1362
-2845
-2519
-3192
-3204
-3383
-5706
-4016
-2650
-815
-9337
-9958
-2899
-3177
-735
895
-1001
-2303
1811
-2634
-5561
-2651
-2247
630
824
-308
896
-283
594
1077
289
1771
3808
1751
6037
9492
-95
6733
9021
6384
10453
8954
9808
9589
10043
10193
8254
7274
7587
8718
8326
5055
4248
3214
874
155
-347
-1439
613
-3150
-4024
-3010
-5666
-5197
-8890
-7036
-6657
-9326
-12267
-13111
-11533
-11275
-10676
-11131
-7819
-4108
-8450
-9544
-3101
-4718
56
730
-1662
411
1300
4689
5771
6755
7464
13236
14654
15459
16149
12488
11539
10755
10806
8418
7248
7278
9008
10495
10720
10197
6661
4379
4537
7306
3928
2890
-2452
-1589
-911
-1493
281
-1570
-5446
-5754
-5789
-5228
-6051
-6175
-7499
-9356
-7750
-9365
-10578
-8652
-8062
-6756
-7985
-8643
-9613
-10262
-9683
-10535
-9193
-6539
-7317
-8738
-1602
1399
-636
790
6220
6270
7648
9886
6426
7308
5066
5994
6960
8812
10496
8882
5800
6266
6981
4388
6920
3588
5638
5303
-406
1029
496
-220
1404
2278
727
1634
189
-1061
426
-1188
-2252
-2789
-3286
-5327
-5530
-6804
-6631
-5218
-5268
-3925
-5847
-3969
-3073
-5024
-3639
-1465
3164
-1761
-661
-3042
-1614
1800
524
-1690
-4560
-5153
-5621
-6911
-5084
-3670
-4089
-544
-4652
-5297
2324
-65
-2317
-1311
1592
2255
3671
7016
8023
9039
7375
5930
4926
9125
9227
8117
1951
2814
2553
1241
1066
562
-435
-2002
-2149
663
-1860
-1816
-421
3083
-1653
-2801
855
5622
3055
3544
1871
1877
1451
-2053
578
-1997
-2237
-4393
-4266
-2243
-2426
-4729
-3979
-1867
-6481
-7094
-2929
-4667
-5354
-4263
-6076
-2914
-3638
-4282
-4834
-4118
-2870
-2668
-4625
-8687
-1503
2521
1773
3924
3817
2839
2207
2940
1977
2126
2814
2375
4756
4924
7563
8781
1828
5440
9428
10984
12580
8626
8920
9578
8397
6486
3864
2851
880
5
1553
2110
2209
-679
1380
2956
3545
2053
-829
-794
-2863
1908
242
-1095
-3413
-1982
-2512
-2488
-4387
-3871
-3857
-4568
-5498
-5619
-6961
-8131
-10370
-11591
-10914
-12349
-10945
-10776
-6521
-3279
-3161
-7833
-697
-2217
-3629
7151
2793
6987
7113
7628
8378
10464
11221
7575
11161
8514
10098
7397
6040
11113
10073
10862
9788
9084
8523
7718
5976
3978
3001
1726
2563
1824
2433
3141
2968
2905
1559
-2738
-3198
-2388
-5890
-6474
-7476
-9316
-9936
-8312
-8954
-9208
-10575
-12364
-9991
-10422
-9215
-5648
-10459
-8770
-1597
-6304
-4077
-5240
-6984
-5621
-3419
-1758
-3967
-2771
-2435
1307
1234
3249
5898
5642
6523
8149
8305
8171
7634
7236
8863
7124
6767
7382
8349
8825
8351
6064
4986
5988
5226
3283
1158
-519
-2596
-3010
-5079
-7017
-7845
-7507
-6035
-5763
-6761
-6042
-5867
-5642
-2065
-2313
-6178
-4166
1928
809
597
-1530
-1170
-2364
-3488
2977
-515
-300
3594
1416
883
2176
846
-169
368
-257
-1772
-2437
-3037
-2505
-2346
-530
1106
-6268
-4217
4043
3154
5800
4941
3080
3235
2029
2516
833
2224
406
-1278
-1938
-2863
-3282
-2894
-4245
-3125
-2733
-3099
1407
1404
-4284
-1224
6956
5844
5115
3138
7546
8682
6729
4937
5454
6762
5990
7811
6186
8432
7485
4868
5353
6137
6310
4268
4323
3703
2555
1781
-1856
-1205
-1868
-3633
-4675
-6700
-5950
-8024
-8080
-9107
-10753
-10515
-12200
-9187
-11429
-9241
-12470
-16408
-8075
-6642
-7615
-3456
-2732
-3546
2163
-4691
201
4034
3835
9725
7232
9185
9313
11648
12879
12224
11527
11728
16568
15348
9206
8800
9926
8550
9910
9132
5845
7005
6249
5243
3469
2447
5956
3806
3615
3125
1860
-3259
-3994
-5900
-6593
-7487
-9795
-12299
-13125
-8731
-10031
-12247
-11431
-12406
-14215
-15166
-12892
-11500
-14991
-11637
-17986
-12551
-6687
-6920
-791
-1860
-595
1464
10098
10218
4376
5945
7593
12331
13035
13561
13508
13858
12237
13601
14089
9496
8802
8025
7377
7989
6319
6819
7886
8071
6712
4517
4653
2422
1064
-1122
-3940
-3889
-4854
-7219
-8326
-9050
-9862
-8598
-8463
-8429
-9418
-8084
-7146
-7517
-24
-2910
-8713
544
2537
547
2373
2381
4609
5376
5349
2849
1941
2981
3935
2220
1098
2407
-276
344
-346
3514
-638
-3785
3408
4790
5230
5266
6519
4298
5893
3945
2320
3583
1602
1839
480
2274
-995
-1423
1131
-686
-626
-1404
-2363
-4816
-6750
-6744
-3942
-2120
-1909
3648
601
-3873
6751
7678
7301
8311
7210
7426
6373
8036
6068
3748
2818
4752
3874
3618
3724
2381
1764
2157
3443
60
-2970
-4713
-5230
-3355
-4817
-7999
-9421
-9658
-11199
-10972
-11984
-8915
-8842
-7038
-7825
-14305
-8218
-9088
-9614
-10052
-8992
-7759
-5578
-3103
-3424
160
4978
4661
9871
10445
3086
13451
13166
12252
11320
10570
13320
12467
13557
12753
14426
14225
12878
13489
12457
9605
6384
4301
4061
3752
1266
-1525
-1433
-2548
-176
-3900
-3062
-3583
-6749
-6447
-6574
-8289
-12654
-11416
-15125
-15862
-14244
-13899
-17011
-15980
-14059
-13685
-9439
-8717
-11058
-13006
-12598
-8354
-9066
-913
-1068
-14865
-224
5240
4677
10909
10310
12871
13842
14578
13997
10866
11399
12768
13157
13720
13350
12124
9487
8755
8823
8608
5454
6020
4750
2722
3576
-163
-555
405
-2063
-1473
-4841
-6181
-5303
-4839
-7351
-11703
-6876
-8807
-6875
-7630
-11061
-9470
-9371
-8201
-8153
-8084
-7140
-5188
-4508
1232
-4418
-4085
4646
1420
1574
-1
-240
1078
-480
-1540
-282
821
382
5499
5836
-398
814
4904
5600
6341
6866
4328
4821
4593
1780
3167
3878
2276
1166
2257
3344
3488
2181
-248
-1757
-1899
238
-584
-2213
-1142
-1759
-1517
-1064
-690
-231
-1230
-3287
-2100
-2249
-3763
1636
-2711
-3493
4142
5471
7364
7320
5971
4390
7055
6633
2254
2442
2386
3144
2852
1761
-278
-2276
-2131
-4541
-3723
-7679
-7311
-4722
-7391
-5335
-7711
-5942
-5440
-4583
-4539
-9357
-5571
-2842
-1190
1271
-703
-379
43
768
1576
-228
1085
-44
1528
2773
410
231
1805
-260
4196
6839
-1339
6261
4997
5768
10217
6829
8034
6998
7488
4442
4287
3502
5522
5772
3836
3598
1229
612
130
-64
1104
1151
-1323
-1280
-2114
-4509
-4844
-4778
-6131
-5621
-3510
-3817
-5619
-6823
-5698
-6284
-5824
-7261
-8223
-7012
-8944
-9164
-8774
-5459
-8447
-13046
-5119
-283
-2153
4552
6589
-284
4557
7102
4591
7967
8401
7830
8418
8793
7533
7872
10067
8086
9880
10333
8181
4869
3017
8381
6729
7991
4034
2488
-2925
-1731
-62
-1927
2394
6057
3951
1510
670
-76
810
338
-656
-3112
-2555
-2806
-3164
-2607
-5430
-5622
-7420
-7098
-8176
-8268
-6327
-6649
-5949
-2589
-8942
-10659
-2918
-4058
-2557
-2914
-1441
130
-2752
-5140
555
4563
3685
4600
5818
5483
3526
4069
2747
3581
3066
2112
4703
3584
5761
10918
8233
8681
8580
6717
7384
6589
5908
3900
1299
1427
2287
1055
855
673
1176
-726
-1792
-2361
-4792
-5226
-6091
-5977
-6543
-6397
1669
584
-7881
-1292
1120
-317
1947
-1720
-2816
-1511
774
-2384
-2188
-2573
-2058
-1959
-6562
-7223
-8416
-8922
-8819
-5582
-4953
-123
-3821
-10207
-2001
1352
77
5029
5058
2735
4767
4547
3553
4454
5459
4263
5338
4973
3542
4240
2632
1974
379
-792
-1599
-1417
-966
350
-438
1946
2717
-4470
3256
4548
3216
4885
4639
5241
3648
5176
2909
4763
1596
560
2049
-379
258
-663
-1969
2284
2032
-1028
194
-490
586
-434
-2498
-2323
-3144
-4213
-5827
-5587
-6251
-7696
-9034
-7487
-2099
-3370
-7574
-10975
-4955
-3057
-4326
-2697
-3528
-2580
-2857
-1000
1576
2188
5604
4647
-141
7741
10310
8091
9415
8296
7636
8128
8660
8729
8873
6865
5208
9790
6262
8557
14525
8257
8472
8130
6309
3676
3551
3734
3425
4193
1922
2254
2182
399
-1145
-2766
-2936
-5179
-6912
-8918
-10446
-9679
-10221
-10337
-12393
-12457
-15231
-15528
-16807
-16600
-16262
-14351
-14017
-11803
-2800
-12121
-7891
-8085
-5347
3004
669
7621
5511
6158
8395
10822
7546
6163
14918
12494
15102
12205
11642
12275
13224
14514
14209
12982
10803
8692
7429
6955
4878
9134
8445
6943
1543
1761
-61
-2144
-3489
-1766
-2990
-4875
-8776
-9263
-10022
-9658
-10686
-11582
-10675
-10336
-10197
-11903
-10837
-4624
-12110
-8030
-2994
-6720
-5658
-6284
-3729
-483
2092
-1777
1388
2942
-2802
-969
1718
4717
5667
1592
3272
9367
11255
11229
11789
11755
10622
10830
9064
9889
11138
9869
9720
7394
7190
6283
5778
3720
1318
625
-650
466
-1374
-3426
-5603
-5934
-6923
-10632
-9757
-9000
-6889
-5645
-1135
-8574
-5557
2375
-1852
4168
1782
1829
-654
3773
4014
-1323
3525
2915
1025
2649
4205
1836
1838
1823
585
1359
-172
-1669
-457
-1431
-2362
-3892
-4682
-5978
-3926
-2555
-2157
-3783
-5302
-658
5
2870
1312
-1517
-343
-1351
-1887
-4007
-3431
-4318
-4685
-3310
-2951
-1311
-1099
4532
-2452
-246
10959
2957
7244
9744
7295
8285
10443
9448
6604
6868
5426
10123
3594
6923
6484
4952
3129
4204
7050
3242
2253
1836
221
-1320
-4702
-2539
-288
257
-6442
-7819
-8213
-5425
-6972
-8110
-9607
-11100
-10130
-13021
-15533
-16822
-18326
-17091
-15219
-11157
-10475
-12769
-8403
-6465
2819
1843
-540
11372
6410
8791
12113
10387
14625
16428
17123
13913
13672
15168
16587
12658
11218
13987
10894
11103
9620
7979
7426
6235
2835
2789
2041
-583
1120
-1233
-377
463
-1168
-3541
-4711
-7939
-8610
-8570
-10720
-10915
-12808
-11132
-10960
-11134
-10676
-11843
-15044
-16867
-13506
-10308
-11089
-2593
-1222
-10128
-1096
1208
3465
6544
1323
2176
5073
8692
4568
2021
6945
10245
10590
10678
11259
10624
11657
10275
9871
11161
7937
7881
7770
6491
5956
2276
2193
3520
1531
206
-369
-203
-3133
-4022
-3412
-8226
-6216
-7042
-9117
-8650
-10799
-12021
-10594
-10529
-11169
-5171
-3056
-5529
-486
3169
-4536
1404
4837
1969
4100
2852
4972
5774
5929
4448
4896
4654
5583
6548
3658
1918
-57
-2634
-2948
-4017
-5149
-4352
-4898
-287
-5661
-5674
-32
-2575
1350
1355
-495
-2257
2177
-56
-901
265
-3658
-1659
-4721
-5331
-2015
-1921
-1995
-168
1426
-150
-3285
-1353
259
-98
6342
-880
206
9479
6559
11254
8168
8228
8511
8553
8852
5700
5393
3723
4779
5285
3495
3561
4455
3606
3606
2286
-2787
-3929
-5389
-7478
-6315
-9894
-8222
-8955
-9745
-10499
-12240
-11390
-11861
-9977
-11961
-15562
-13457
-10141
-15186
-10952
-3588
-2881
-3674
-3829
-2335
-1395
2549
4708
4721
8986
4496
5239
14358
10435
13781
14255
14069
15289
14438
14987
13381
12767
11879
12395
10795
10628
9054
8534
7047
4964
3990
678
1602
1488
640
-924
-2594
-3015
-5585
-5709
-5787
-6638
-6999
-9685
-11933
-10260
-9084
-10428
-11541
-8146
-9288
-11977
-12239
-12419
-12801
-12551
-11574
-11927
-11593
-9182
-3175
-5638
-3016
-1500
-1405
6783
5063
5107
7719
9797
9438
6867
10020
9468
11412
13589
12114
12103
12933
12229
9414
9282
7155
4550
3740
3869
3794
2648
1539
3076
3646
1821
-944
-1042
-1277
-1415
-2116
-3653
429
-1021
-3749
-3891
-5355
-4967
-5040
-4057
-5300
-5919
-2898
-6425
-7092
-1760
-5189
-8807
-1754
329
336
-1279
-2655
-3116
-4946
-2679
-2853
-2929
-264
-1427
-2896
-4565
-4829
-2978
-5295
2473
-164
-3278
1469
91
1339
3626
4318
5325
2413
363
2332
3404
5076
4973
7349
4896
4909
3169
1999
1475
3062
3923
3538
3238
2607
445
-3677
-1101
-3029
-1300
2363
3754
-883
2297
5937
2232
5109
3018
2621
4831
4256
2591
-1122
-1962
-4
-163
-1204
-3215
-3321
-5897
-6708
-6083
-9328
-10146
-8941
-9392
-8078
-10311
-10229
-7260
-8868
-3868
-65
-5651
-7323
1330
-39
807
4888
2740
4112
5027
3521
2777
2170
1879
2423
637
2449
4970
5510
8942
8957
2272
7416
9457
6492
12807
11018
5996
6891
5868
5137
6023
5770
6826
5709
3443
-1283
530
520
-3688
-521
-3195
-5203
-6543
-7701
-4178
-7349
-4282
-853
-5049
-4841
-4462
-6036
-5563
-5395
-7058
-7604
-9442
-11068
-12095
-9962
-10024
-7977
-8889
-10511
-5125
-4558
-9492
-7852
-2015
-418
2053
-1752
5068
7738
10098
12574
10112
15075
12426
13174
11820
9793
8254
9005
12613
9805
6025
8246
8132
6888
8640
3410
2654
2576
1834
8148
3702
124
5223
4008
3098
2517
982
-1881
-3513
-2621
-5827
-6820
-6749
-8340
-8299
-7961
-7879
-9196
-9907
-8835
-10117
-10730
-9424
-11029
-8635
-3288
-7879
-3832
-4940
-4125
-3176
-3966
-1919
-2783
-1319
-926
-5011
-1827
1190
3024
6138
3843
3455
5244
7436
6397
5886
11728
9572
8267
10210
8550
8643
8088
8930
9346
7512
6781
4741
4317
2413
1863
717
-1434
-957
-1302
-1208
-3340
-3954
-6579
-7986
-8822
-7911
-8069
-7099
-2082
-4741
-8611
-397
3246
208
2864
-2061
-1312
-1020
248
-65
-4111
-2156
-3044
1326
-1299
-2504
-4445
-7210
-653
219
-2139
-2388
-539
481
3369
-5441
-4667
3590
2120
6525
5041
4050
5988
5912
5706
3745
3107
5048
4062
3289
883
1495
449
-393
-862
-1039
-623
662
-447
-1238
1760
-8275
3838
5205
2901
5841
1207
5796
438
2726
2193
1291
1415
98
4086
213
2207
7561
3369
4829
3019
1454
466
-881
-1043
-2329
-2367
-3433
-3188
-2818
-1633
-1841
-1346
-3845
-6385
-6605
-7584
-7361
-8716
-6797
-7944
-15231
-8315
-6916
-9107
-4784
-5992
-3086
-369
-2827
2456
632
-6785
3593
3571
5507
7038
4603
8776
7129
10519
6405
3673
1780
8918
17766
12153
9904
5720
7701
9746
10366
7863
4876
6141
3699
3029
1689
268
900
719
-435
-1332
-1141
-91
-2013
-2596
-4807
-6021
-6179
-7043
-6848
-9286
-9068
-10488
-11880
-14101
-14757
-12966
-11577
-14902
-9640
-8266
-11671
-2289
-1500
-2924
-3290
1367
1055
1480
2837
739
10625
10388
9886
14123
15661
13157
10576
11003
13798
14377
7440
7972
7599
7498
8144
6557
6769
5165
4483
3434
2772
7476
4470
2166
1425
-3402
-4414
-4639
-3702
-3700
-3633
-4477
-5268
-7628
-9217
-11137
-10591
-11687
-10788
-5520
-8304
-11034
-5338
-567
-1122
-1542
-871
-4323
946
3868
-2846
-1403
-1918
-634
2373
3137
1432
2546
5710
1325
-58
3508
3627
6078
6960
5725
7409
5805
5720
6283
6294
5736
7206
7151
5606
6893
4026
2381
2587
934
-326
-1701
-3274
-4476
-6390
-7844
-4749
-3998
-2141
-1091
-1143
1072
-4061
-4411
888
1515
2031
7552
8153
6257
8038
7644
5792
7026
5866
3916
5133
2973
1934
4928
3647
2837
650
694
-662
-6794
-5891
-7555
-7867
-9660
-9851
-7805
-9046
-5654
-3844
-10106
-11844
-8683
-8589
-6929
-5476
-5613
-4267
-5322
-5395
-4396
-3402
-1216
-1719
397
1240
2905
3277
360
3183
13520
13849
11818
12559
11963
15200
13282
12314
9965
10068
11222
11217
10910
9010
7934
6836
6349
7042
5071
3920
3124
1907
1582
-1622
-3817
-3847
-3288
-3522
-4986
-6971
-9691
-10783
-12437
-15221
-14258
-15661
-15254
-16530
-15204
-16304
-18929
-18152
-17699
-15926
-14887
-10585
-12955
-10807
-2390
-2661
-250
7553
9483
10176
9039
11136
12262
11695
14043
13639
14491
13855
15117
16511
14977
14587
14682
12349
12004
9229
6522
7493
6377
6546
4834
4809
2438
-79
-137
-711
-2036
-2874
-3797
-6537
-6953
-10105
-10379
-10182
-11506
-9750
-10819
-12946
-10247
-12761
-15681
-14611
-11628
-9103
-8278
-5128
-7436
-4528
-1471
-504
734
-1034
-1117
2077
3822
2711
4367
2206
254
5528
7195
7420
8935
8539
10304
9900
8769
5235
7199
8318
8506
8644
4527
6918
6202
5509
5743
2917
2649
847
-1589
-1388
-4919
-2729
-3706
-4800
-4040
-6869
-6570
-8802
-6495
-4054
-3850
-5084
-3199
-2179
1973
-2090
-1789
6483
4286
4638
3303
6693
6451
4969
4105
2600
1647
2241
3415
837
251
-1745
-2038
-2624
-3250
-5925
-6133
-5976
-6181
-5767
-5668
-7724
-10245
-4221
-3613
-3302
-329
-1947
-2847
-3191
-4913
805
-857
-4230
-1054
-2904
1517
4075
1940
254
-1253
1079
2761
2018
5374
5669
1736
4476
9472
9807
10630
8283
7799
11682
12534
11405
8571
5146
4526
5893
4199
3719
3211
2304
1472
1796
697
-3974
-3140
-5693
-2899
-4502
-9896
-5817
-8210
-9088
-10125
-11433
-13110
-9246
-7313
-13661
-14770
-12581
-11065
-8252
-7340
-8633
-10523
-8597
-3103
-3095
-1914
-2704
803
6096
7488
1629
7635
13510
9988
13851
11074
14484
14159
11645
12328
12966
13494
10795
13012
11647
8884
5951
5742
3955
3349
2345
-171
-660
-1443
136
-4619
-2380
-3201
-5507
-6518
-5340
-6077
-8806
-8732
-11577
-7977
-4715
-6811
-9054
-6993
-9227
-7806
-8578
-10109
-9857
-9652
-7326
-8774
-8986
-3972
-3749
-7820
322
1818
4202
6983
5285
2880
629
5244
9181
11533
9641
7416
9653
8884
10989
8916
8417
6319
9356
6515
5378
3460
1723
6042
-1281
-961
-154
3194
1532
-32
-2946
179
2905
379
-1949
-4831
-5295
-4180
-2657
-3329
-2422
-3532
-6191
-3957
-4682
-4761
-1604
-5951
138
290
-8031
-349
588
915
2382
133
1554
1621
732
578
-436
-855
-1806
738
2355
-1117
-2172
-3033
-4328
-2421
-1736
-7012
-1430
-718
-598
1870
-585
-1211
-178
3676
5097
7912
5147
5165
5860
4622
4412
3535
1905
1327
3367
2695
1758
417
-278
-1198
-1332
-730
-1709
2679
2452
-3165
4056
8949
4809
7854
5917
4147
5005
2543
2594
-366
-497
1670
3286
1504
-1632
-4114
-3516
-3376
-2536
-3656
-6403
-3370
-6076
-6482
-8931
-10521
-7142
-7132
-6847
-7793
-8002
-7842
-5296
-3199
-7783
-7398
-1731
-2271
-1422
-67
-1493
-519
-2037
-1779
833
2241
4305
742
6943
5617
-2303
8869
9069
8258
9655
9188
10509
8667
9563
7648
6290
5054
4627
5360
4060
2111
1762
628
-440
1013
-318
-3426
-2901
-1012
1674
1034
-208
-1607
-2510
-697
-738
-1248
-4271
-5090
-4685
-5939
-5394
-6793
-7410
-6800
-7713
-8833
-11241
-12242
-12127
-11920
-11996
-9648
-8923
-2113
-5400
-11496
669
3529
6485
8530
6340
4493
7728
10277
8888
10251
4645
5957
12002
8251
6484
10142
7145
4960
6101
6703
5877
6148
5964
5401
5007
3764
4736
4073
4627
3358
3266
3377
2220
2695
-935
-1517
-1625
-2419
-2865
-5447
-5326
-7769
-8573
-7579
-6502
-8198
-5211
-6787
-6545
-153
-11845
-6322
-3160
-5886
-2490
-5051
-1028
-2986
-3182
-2238
-3472
-6542
-3972
1072
-1945
-3082
-395
1557
2274
6600
6368
4367
6961
6894
6487
7310
7681
8858
9263
7831
8576
9253
8421
6069
4638
3025
1754
87
-2473
181
-530
-842
-839
-1600
-2286
-3794
-3762
-2441
-4895
-2235
2096
-10968
-4026
3181
-1076
2695
-292
-462
1405
766
-2003
-992
-3678
-5019
-2458
-4300
-1916
-443
-651
-1113
-246
-2515
-3636
-3385
-4088
-2231
-5584
-5591
-4106
959
-4389
-3090
1627
232
5460
4876
3440
785
1778
52
372
-719
-639
1343
1463
6
671
-1731
-1125
585
-556
6087
-4534
41
6566
1921
7868
1141
1507
7522
3552
3884
4570
2747
3510
4297
5276
5779
3271
2975
3959
1858
2008
1710
1373
610
-38
-63
1126
368
-965
-2548
-4204
-4338
-5895
-7829
-11444
-11064
-10826
-11331
-13718
-11192
-12092
-12772
-8965
-9363
-13758
-15641
-9806
-7894
-6802
-4886
-2190
-6057
5104
1082
1582
10514
7719
8937
10335
11687
9160
9899
10204
8790
10846
9575
11545
14730
9218
10159
9467
9844
6665
7645
7093
5502
5843
4188
5107
5786
2693
679
-548
-615
-1826
-3110
-5402
-7748
-7241
-7886
-8606
-10614
-10663
-12278
-13411
-14837
-14587
-15239
-14540
-14543
-15395
-10411
-11581
-13628
-7716
-1733
-2566
-4501
-3069
3446
-1665
1033
6745
3771
7269
11116
13828
14868
16144
14482
15682
14645
13961
12482
12123
11267
12175
11598
9018
10664
7205
8600
8034
8510
7378
3018
688
-2487
-3101
-5962
-2337
-7501
-7323
-6343
-7773
-8679
-9657
-10824
-10760
-10560
-11839
-15460
-7856
-8917
-12521
-2997
-6178
-1203
763
-3396
575
917
2163
1476
-1457
202
2245
2411
3601
1649
-197
505
607
476
-1743
-573
1610
-3895
1032
3451
2302
7198
6316
5888
6281
5644
4205
2976
633
-1308
-840
-1158
-1851
-930
-2677
-2350
-4011
-4237
-1537
-6437
-3351
-1316
-7617
-2590
-5498
-4672
4568
3326
7628
6433
5703
7753
7004
5939
3904
2968
4515
5224
5042
5321
5438
6762
5661
5730
4121
3639
1976
386
894
-1334
-2899
-2862
-5838
-6430
-5521
-6853
-7262
-7055
-6771
-8770
-8472
-6158
-7307
-13348
-14582
-9636
-8483
-7919
-6898
-6371
-3732
-2688
-1439
-2042
1906
5170
4361
6778
5465
5021
5970
6839
4809
4571
374
-1645
-356
-4088
-4199
-8169
-10920
-10239
-11449
-11250
-11502
-8521
-7765
-9795
-2963
-4529
-12134
-6986
-6548
-4936
-5255
-7011
-1567
-6538
-6172
-3286
-1685
650
391
832
2368
5131
5700
2001
-1030
6312
5644
6829
10135
8270
10764
11048
10325
10132
10703
10190
11696
11790
9476
6871
6651
7429
7128
5254
2419
1318
-392
-1483
-2674
-3898
-4734
-4327
-3706
-2767
-482
537
-4378
-1829
573
990
4709
2720
834
-1469
2653
2325
3200
3414
2620
7147
5163
4167
2495
1487
1668
3750
2990
114
-519
-3076
-4146
-4925
-6303
-6105
-1361
-2688
-3864
-431
-3541
-558
861
-1331
-996
-2081
-1457
-1194
-3370
-3112
-3337
848
553
-541
1873
-1423
2521
7406
6633
1837
-1776
2808
2383
5223
5578
4043
3467
4469
3064
5928
7761
11948
8263
2486
3926
5557
6825
6852
6568
5084
4701
3299
2702
1026
1856
-153
-1550
-1629
-983
-2309
-3270
-5703
-7002
-8172
-9118
-10078
-11202
-9307
-10870
-5893
-9800
-12010
-8100
-8435
-7430
-3158
-1773
882
6021
4777
2900
5724
12463
13054
11486
14259
13385
14426
13523
15051
15142
14305
15488
14619
13044
12081
10594
8304
10799
10496
6757
7184
4878
4971
5654
2086
3484
3035
1654
973
83
192
31
-2763
-4338
-5830
-7834
-7861
-8726
-10849
-12611
-16221
-17542
-15163
-13398
-14828
-11938
-10200
-6723
-6685
-8385
-16
388
-427
5480
5486
8651
12031
13325
13095
13419
14457
16111
17716
15413
15433
15912
14420
14365
13856
12696
12240
10555
11214
8760
7479
7672
1742
3495
3989
1584
1641
-1237
-527
-6754
-5680
-9110
-11187
-11984
-11610
-6219
-9091
-7044
-9122
-11449
-9815
-7738
-6526
-2841
-1699
-8393
-1563
3316
1350
2698
1085
4355
-284
1819
1260
2121
1368
4867
8830
6663
5970
-2067
3577
5206
6753
9308
6522
6858
4572
4849
6857
6720
8452
8126
3906
5597
6257
4230
2000
773
-2238
-788
-1534
-6068
-5781
-5157
-6557
-8060
-6318
-4880
-6963
-6412
131
204
2749
1657
3088
6566
6082
6003
8320
11740
8419
8617
6239
7184
9495
8010
6877
6876
6057
4688
2630
1502
558
-624
-1365
-1473
-3663
-3692
-376
-261
-1779
-8031
-4840
-1818
-1749
-273
-349
-2681
-3195
-3207
-4458
-2811
-2400
-4323
-6180
-1148
-3969
-817
-790
-2370
-1934
5948
6350
2360
4788
8111
7989
7591
10277
6539
13139
13943
13709
13121
6325
6781
8812
10847
9088
7681
5810
4923
2619
3877
1354
3219
2985
1063
1256
-2116
-8927
-7542
-8183
-8576
-9725
-11385
-12012
-14701
-17838
-19033
-14523
-12027
-11998
-13717
-15127
-11457
-10460
-8552
-5593
-4967
-3571
704
5018
3936
3026
12264
10861
9395
15972
15595
16176
13516
11793
12430
15025
15443
12720
16351
16023
12008
12116
10594
9750
9678
7431
8766
7421
5456
6129
4227
3035
1212
-2497
-2706
-1686
-780
-3967
-8647
-5903
-8334
-8688
-10656
-11185
-12820
-13804
-10651
-14349
-13384
-12609
-12206
-12530
-10618
-5782
-2166
-6583
-2096
909
-494
6617
7453
11085
9902
10686
13840
15050
15089
11237
12416
13832
13140
11437
9848
8367
13722
14845
13290
11385
10561
8728
7863
5735
3902
4880
3658
4725
905
-388
548
-2395
-1948
-5366
-6108
-3497
-2748
-5400
-6159
-5602
-7826
-6363
-5604
-5268
-4098
-3152
-354
-2469
-6396
2202
2335
-2175
2790
1783
1837
-855
114
-195
32
6267
4277
4082
2109
3059
6604
5296
7710
9324
8139
3924
4912
3683
7595
9343
7982
7489
5516
3983
3914
2452
-131
-606
-2963
-1858
715
-2719
-5866
-435
-617
611
454
-695
-5746
-3447
-6459
-3817
3112
4095
2169
-1426
4375
2886
3114
5908
7637
6989
-94
928
593
-618
-728
-1540
-2890
162
-235
-2497
-4273
-6292
-5173
-8124
-9859
-9526
-6097
-2431
-7057
-10970
-2925
-2555
-1838
-768
-1215
3668
-1065
2673
1589
842
2928
3525
4418
3183
3675
1918
5376
2817
3559
6895
9640
9144
10963
3042
6615
15279
9910
15171
11823
12900
10602
9986
11212
8683
9243
9029
8877
7621
6948
4197
2535
1300
1018
-939
-2108
-4219
-6010
-6854
-8924
-6186
-9533
-10853
-9399
-11816
-10823
-11430
-9641
-10695
-9881
-5720
-5128
-10334
-4722
-3367
-1572
792
-3413
2761
1599
2475
5246
9557
8086
10143
10341
12841
14997
14111
18269
15174
15645
17101
14836
13429
11791
7275
8769
8339
9505
8641
7725
7251
5185
6305
2818
617
46
-453
-4051
-6416
-7312
-6418
-8403
-7836
-6172
-8254
-6943
-8495
-9433
-11100
-10460
-11543
-9025
-7189
-13642
-11791
-10776
-12822
-14546
-13398
-12151
-7122
4064
730
-2759
1427
2546
5554
11180
7440
11264
11233
11801
12353
11697
14107
13641
13379
12950
11768
10250
9499
5144
9179
10312
2901
2457
2570
1987
2299
3109
-1677
-1573
1383
-2046
194
-1533
-5038
-4730
-4423
-4718
-4343
-7985
-8460
-5969
-7760
-9721
-9798
-11595
-12043
-10486
-9553
-4579
-7661
-4756
-8196
-7628
-1911
-3705
-168
-5488
-4729
2231
2164
6351
3347
910
1625
2412
6757
9923
7683
6702
7817
7556
8684
8000
7970
8909
6978
6728
9050
9003
8101
5714
7968
7900
9265
8976
6026
1045
-140
33
3522
-4496
-5745
-4654
-6047
-4229
-3711
-3696
-4617
-5295
-3558
1080
-4050
-4256
-1041
2530
5483
3516
5634
2333
3187
385
944
2301
1611
1450
-1692
-4272
-4693
-6250
-7159
-3360
-5252
-260
-3672
-3735
253
-1204
1941
4065
3366
3513
7497
9657
8785
9068
6026
5038
9744
5780
6539
7154
5143
4192
2237
1896
1500
1593
748
-158
-255
3740
3650
830
4728
5711
7074
8959
7665
6365
3366
916
296
1403
-1063
-1433
-1531
-2397
-769
-3297
-4031
-594
1722
-2905
-1025
-1801
-7273
-5549
-7569
-6802
-6826
-6882
-3909
-3913
-9457
-7896
255
-4403
-8167
-1709
-1201
-1621
-2488
280
-526
294
-2059
-2516
3920
4170
7773
5962
5772
831
7081
7907
7967
15122
8955
12405
10313
8588
8446
-1321
8968
4758
6750
7494
2042
4590
4805
-1242
3039
6660
-4690
-1411
-1873
-3952
-1856
660
-141
-3310
3514
-63
-5143
1707
-7223
-8245
-7840
-8497
-10140
-9703
-8666
-7366
-10460
-11613
-10770
-11681
-7008
-6461
-7608
-4402
-535
-3564
351
9683
6308
10434
12662
8774
11667
9261
9723
9180
7879
10926
9157
11140
12268
7279
7549
11039
6754
10871
9897
3414
6281
4940
5939
3919
7310
5562
3587
6912
3858
5348
1242
1084
-468
-3219
-1534
-3941
-3718
-5401
-5204
-7555
-7371
-8145
-8349
-9214
-9212
-5783
-9136
-4210
-10012
-7746
-4792
-8504
-3400
-8244
-5965
-1712
-2681
-5841
-4477
-79
2288
4011
513
5331
6463
4629
7353
5310
6872
7722
8457
8989
9427
7851
6268
8700
8756
7465
5663
6158
5572
321
-532
1775
-56
-2271
-3417
-3158
-2417
-2382
-3373
-4161
-4211
-5269
-5641
-4512
-2564
-496
-6174
-7166
-656
2420
1840
1581
1211
-4349
-3110
-1579
-5761
-2647
-4410
-6056
-1835
-6659
-5237
185
-3511
-947
1940
-1834
-6162
-80
-2792
2186
5144
3948
7506
5981
4975
8090
7632
7801
6821
2018
112
377
875
2443
3304
898
-2547
-4070
-4154
-6123
-2046
546
1797
1386
5649
-4751
4346
7689
654
4491
623
2384
399
2724
2629
-53
5472
3926
3214
8266
6541
1015
1894
2908
3618
3498
-2600
-3110
75
-2842
-3069
-3074
-5342
-6801
-5256
-6889
-4866
-1089
-6131
-9513
-6420
-2676
-4757
-2481
120
-2003
-1631
-1199
-1651
-4029
-3400
-3316
-446
3490
5668
3625
-4115
4279
8127
7285
11048
11226
10119
3550
9894
10158
5787
4072
11798
12499
12023
11230
6000
7416
3150
3993
6727
4123
4690
4041
3894
2530
2456
2876
1714
913
-1811
-3814
-5280
-8751
-10143
-13420
-13156
-13912
-14331
-12885
-13962
-13750
-16356
-12049
-7722
-11117
-15683
-12209
-763
-145
-10964
-1082
7114
-149
6931
4881
4502
7456
3934
7902
11219
11428
10280
15492
15498
14768
13238
7868
10807
8161
6683
7287
8240
7988
7495
6232
4603
4001
3784
3127
2169
2237
-1610
-3159
-4883
-4594
-6766
-8262
-8424
-7677
-8897
-10140
-12337
-15964
-16103
-18020
-18605
-17438
-11917
-10956
-12899
-14128
-5243
-6420
-9488
-4774
-5939
2604
-3368
-3049
2816
891
4766
7475
11951
7866
10509
13062
10546
12903
13358
13037
13037
14134
11994
11826
9368
8197
11104
9872
9943
9285
4920
4925
3710
658
-1246
-96
932
-1049
-1472
-3944
-5161
-6440
-8394
-9701
-8907
-7670
-6098
-1010
-3173
-9214
-7323
-1091
1446
1839
826
2796
2622
719
1819
-34
2995
-1218
-1382
3646
871
1215
1419
1532
3965
158
-2947
765
3571
5146
5328
7236
4519
5909
6344
9900
10428
8223
7508
6441
6152
4240
5197
2486
1431
2171
425
-532
-3942
-4842
-3756
-3708
-1140
1365
2378
-1714
-2368
6012
6414
7278
9263
6331
9012
9488
8991
7637
1758
5492
5811
6556
8824
6159
4523
1849
2559
937
-560
-940
-695
-2256
-2792
-4788
-4893
-5428
-10049
-8563
-9165
-5715
-10367
-8630
-5114
-6727
-3155
-2690
-2406
-4762
-5057
-3345
-3285
-2042
-1963
-3094
-510
2876
5060
9107
4700
7720
12958
12447
13367
12242
15725
14474
9347
11616
12541
11320
12040
12320
13870
11927
9181
7870
7414
6273
4022
4753
2809
1781
817
70
-863
-4342
-3231
-3415
-4412
-3245
-6283
-7861
-8814
-9155
-11339
-14618
-13374
-15549
-16107
-14795
-12149
-8788
-9736
-15630
-11087
-3738
1086
6032
4041
3428
9659
13531
13331
18796
11280
11217
15153
12963
13817
11809
13150
13176
16687
15681
13065
9746
7928
7017
11627
8880
6425
8187
4239
5464
3036
-1594
-29
-1851
-1573
-4394
-891
-2779
-5024
-6098
-9097
-9209
-9634
-10188
-10745
-15534
-17107
-18499
-18059
-18476
-9303
-10832
-7153
-4013
-5131
-5951
-2341
585
911
-3059
1920
5169
3204
6847
7993
12213
14748
9704
12398
13150
17744
15873
15408
15058
15500
8392
9199
7563
6847
10639
9326
4095
3211
1702
-12
605
1533
346
-3699
-3997
-4154
-6259
-6146
-6371
-5803
-8863
-9913
-7303
-7750
-9226
-8805
-7673
-4208
-1528
460
249
-463
409
2254
8104
5855
4151
5531
4815
3492
4501
2186
644
2607
1912
6186
4778
5330
6208
3405
1329
2244
5361
7144
7894
6102
6006
4862
6913
7878
6919
4303
1732
1217
1505
1087
981
465
-606
-5681
-3291
-4110
-9698
-4405
-3474
-2871
-1616
-1032
2174
5179
6343
-743
3499
8236
7411
10767
8387
7303
7733
9794
7528
7984
7742
7016
4418
3917
6949
3669
995
316
-521
-2534
-6192
-6824
-7744
-6015
-6926
-5386
-5922
-7916
-2538
-943
-7257
-11527
-4606
-4131
-3661
-3227
-6687
-344
55
-1322
1014
1123
2672
2350
2743
2576
4344
9543
4174
8703
8247
7252
14806
10506
10327
10426
11553
13100
11466
12092
11161
8413
9682
7382
8691
9885
5656
4333
3255
4722
269
-413
1166
-3004
-3295
-6189
-3783
-4229
-5604
-5847
-6811
-8860
-6806
-9552
-17466
-13938
-11514
-11894
-9316
-10573
-9946
-5639
-4905
-9339
-9238
-476
-4551
1468
9954
6715
4425
6056
14179
12672
14268
15607
15041
15108
13287
15092
15134
13704
13669
13744
14764
13703
12018
7602
7018
7554
5981
6429
4710
2942
2760
824
1379
-2463
-1495
-279
798
-1473
-5891
-2870
-7209
-7876
-5730
-5997
-6542
-5520
-5006
-6629
-7196
-5483
-8299
-11279
-6994
-6820
-4470
-4088
-5090
-6080
-271
3026
5512
8366
1964
3678
6004
6774
12685
10249
8457
10419
10238
13485
13973
12828
9386
10038
11374
10520
8289
7163
6169
4060
6057
2413
2743
3379
-2298
2060
2249
-266
926
233
-302
1251
969
-564
-377
-1737
-532
-6852
-6439
-1872
-3524
-1992
-391
1520
3715
-3372
-3241
3801
-2814
1551
3434
2339
4617
119
-690
286
-1570
-3787
-4630
-4299
2943
-1609
-1788
-5470
-5473
-4260
-3948
3757
1732
4156
-4085
-399
-2319
-1230
7711
2783
6103
4915
3862
2663
1528
2945
3329
1678
3994
3221
-3454
-3018
-2181
151
600
952
2153
4453
4605
3104
-387
3188
4937
4687
6642
8798
4453
3887
3716
1951
-428
-1401
739
-494
-391
-1042
-85
-2889
-4448
-4585
-6263
-10817
-10031
-10734
-12023
-12006
-7733
-7024
-8316
-5380
-9155
-6649
-4719
-687
3286
710
3315
-776
-2769
2211
3814
931
-1285
-113
-101
2350
3315
4092
5196
7095
2571
3706
12877
9812
11078
8747
11350
10114
5647
8418
7631
8216
9622
9072
6975
4880
2143
945
826
1203
644
-685
-1711
-4792
-4215
-5751
-7875
-6594
-6789
-5181
-5227
-5151
-5629
-6749
-8055
-5701
-10275
-13864
-10072
-10262
-6859
-5511
-6552
-9678
-6580
-2789
-1419
1721
4809
6874
3956
4467
10447
13642
12849
14775
12747
11338
12806
12316
10554
10078
10785
9582
9471
8339
9526
6057
4206
4193
8412
3849
2763
6945
2384
3535
3623
1649
3111
3245
2841
2177
1377
1372
1566
-2602
-5690
-4253
-5426
-5258
-4903
-8418
-8723
-9695
-10657
-10060
-10467
-10842
-8799
-4629
-4580
-7724
-7562
-228
539
4290
-3740
-3946
2421
-326
11409
9715
10320
4874
4564
9530
11286
11472
9330
7305
8878
12789
9411
9892
9779
10398
9631
9960
11352
7742
11178
7903
4870
8321
866
834
4011
1759
183
-859
-236
-1100
-2738
-4192
-5519
-5930
-5983
-6104
-6653
-3765
-2498
-2753
-4619
-5274
-516
-305
108
-804
-775
-486
-3178
-3238
-2556
-5841
-3102
-4236
36
4573
326
-657
-2653
5191
4822
5869
8682
7136
9429
8833
8977
11756
12828
11526
7231
5364
8871
5438
6068
3796
2741
3169
1216
2805
917
717
-5244
-4692
-4007
-3683
-4432
-1154
2117
3268
1084
-2871
2955
3506
4807
4474
4176
-1611
-2846
-1244
-1962
-3555
-2003
2355
-457
-988
2854
-1230
-6654
-7375
-2274
-1115
-2179
-2703
-2708
-3383
-3044
1014
1206
184
-397
-4720
971
582
-1861
2654
4821
3439
5492
1290
1893
-504
-1776
-760
-795
-2473
554
2804
4994
8272
7596
3418
5639
10864
10168
2647
3332
5318
3727
6203
4628
4826
3016
1023
4148
8277
6610
4502
1237
-332
3042
3637
1255
1321
714
2197
814
-4699
0
613
-773
-574
-4168
-5362
-6479
-7839
-8962
-8990
-8834
-7263
-7500
-7749
-5474
-10692
-10608
-6323
-4339
-676
-1478
1497
6217
3737
3329
5813
4618
6165
5795
5252
11382
9919
11973
9680
6294
12176
10063
10239
10444
9730
2873
6723
8313
7131
9468
7981
3336
-977
775
2391
1337
2786
1557
290
-293
-950
-3126
-6194
-7744
-5820
-7004
-9447
-7689
-8820
-12195
-10477
-10429
-12408
-14313
-14618
-12968
-11778
-8157
-10026
-14069
-10273
-879
1890
-1325
-2764
2592
6416
3976
10532
9448
7446
10300
9825
13401
15451
13928
13661
13803
15915
14862
8807
12124
11439
11633
10919
7849
8416
7222
7418
1873
4472
3853
2112
2629
574
59
-3674
-1517
-2646
-5375
-7309
-9411
-7598
-8252
-6613
-6047
-5803
-4427
-1963
-6751
-8926
-3610
-4873
-4083
-6096
-2349
-2492
-4822
-4119
-3786
-3887
278
2552
1574
5880
8804
7952
2658
2573
5194
8112
11352
7940
4732
4554
6325
6970
4387
9862
9044
9676
9744
7749
4949
4693
3694
2601
229
-2520
-3558
-6407
-5285
-9494
-4578
-4117
-5385
-5275
-3722
1898
-2738
-4935
3810
2627
-1287
1755
1711
1726
6072
5422
5967
6250
5709
6932
7302
8684
9991
5492
-609
-2931
-781
91
-1500
-2418
-6100
-7364
-3600
-3469
-1232
2347
-162
-10340
-7777
-1924
-3345
-2901
-1970
-3214
-2198
-1186
-3044
-2365
-2671
-3636
-4832
-4791
-2382
-2158
1669
2915
5217
2791
307
8900
5370
7284
6910
7834
10294
7871
9238
9509
13027
12161
13320
10933
7906
12255
9978
8554
8240
6251
5408
4991
3438
2446
2622
2755
1853
-263
496
-1264
-1524
-3576
-7029
-8832
-11583
-11937
-15161
-15938
-14372
-14441
-12054
-10073
-14078
-15791
-8536
-10200
-5557
2
-3282
-787
-4894
2133
5602
5448
9105
9966
12316
11007
14046
15158
16928
16791
11263
10513
13700
12593
12150
9076
6245
9150
7422
6482
6739
3879
4990
5874
4113
5306
2330
-515
-1858
1122
-4456
-4843
-7227
-7474
-5950
-9018
-9437
-12912
-12878
-14732
-16515
-17516
-19393
-16753
-17521
-12000
-12130
-12295
-13808
-10601
-5698
-3435
600
1170
-3613
-2003
4621
5292
9991
7510
11627
12313
13434
13090
10290
15582
13993
17120
8328
8297
8359
7943
10155
10634
9083
6716
6071
5134
3974
1281
125
2012
93
1801
-564
-7230
-8090
-8239
-6634
-5124
-8591
-6737
-8379
-9269
-8790
-8574
-4284
-4181
-7435
-9790
-1648
-1038
3206
4367
3442
4238
2669
-2452
-2114
1167
-3368
-1455
-2483
-2371
598
5088
2969
679
447
2683
5706
5471
2605
1693
2265
1487
3226
2159
4112
4725
4279
5045
3545
-169
-1783
-2460
-2946
948
-1767
840
-7134
-7590
-6828
-8922
-6161
-7311
-1556
-699
2877
-1489
1368
10055
5176
7015
7880
6430
2542
4804
1838
5172
7364
4384
6511
4881
4955
3373
532
803
-656
-3392
-3722
-4797
-5507
-6905
-8301
-8654
-10581
-10840
-6630
-4147
-6421
-12062
-9199
-8818
-6146
-3596
-5610
-878
-1779
-2208
-23
-1865
-2911
-2612
-2500
-2580
1743
4761
6549
7237
4206
13209
15609
11028
12003
13512
11110
10994
10663
9642
14637
11479
12359
11968
6941
6983
5566
4499
4336
3638
1922
594
-2357
-4989
-6267
-3133
-5680
-9451
-8208
-8333
-8562
-9517
-10223
-10683
-11774
-13666
-13452
-14413
-15420
-16326
-14383
-15632
-12752
-8376
-11196
-7370
-2116
-236
5054
8664
2009
11512
12272
9031
14281
12147
15565
14534
13110
12525
15643
17136
14956
14616
12877
13346
14242
11454
9360
4117
3138
4228
2955
2331
703
2230
1490
255
-2641
-5219
-5315
-5656
-6387
-8673
-7361
-7883
-9969
-11627
-11504
-11141
-14545
-13718
-12580
-11476
-11534
-10853
-10186
-6808
-4385
-6672
-10451
-8728
-4725
-5632
-1208
2637
6143
2383
1466
6371
7162
8415
9638
12373
12340
12994
13599
12064
11033
11191
11683
8692
7036
7515
8660
9748
7283
4241
3278
2147
-170
-1753
-3247
-3192
-805
-3099
-4311
-3973
-7087
-7132
-8127
-8771
-9081
-6268
-9456
-8098
-5431
-3951
-5896
-1124
1046
-2125
3250
3359
1793
4467
1917
1995
-1010
-2161
-915
634
502
-2104
-2505
-3348
45
754
-638
1647
2477
-4067
-2748
-149
-1355
308
-175
4565
2693
4383
4264
1588
3164
2044
2179
2300
2935
1541
318
1461
-674
-1812
-39
1058
-1619
-1571
-4242
-7664
-964
2994
4144
-1617
-405
6731
5030
7328
6065
1555
3414
9191
9582
8708
5660
751
3244
4042
3349
2758
67
-1121
-1420
-1311
-3541
-7786
-7316
-9232
-8054
-8281
-9068
-7967
-8542
-8148
-10150
-4743
-3002
-7570
-9894
-5228
-5467
-1647
1443
-1973
1335
3331
2326
-2501
2400
2935
4739
7433
8440
7437
4430
13290
15140
8905
11357
11426
12980
10226
10124
10445
9848
6865
6188
6595
3686
4925
5329
2603
3217
723
-1445
-2011
-4342
-3681
-3760
-1506
-2097
-5348
-5969
-4008
-3639
-5726
-6838
-9984
-10246
-10065
-10637
-9756
-8720
-9220
-7066
-10619
-11884
-7923
-7837
-5653
-2674
-4375
-2771
2010
-425
3205
9495
10640
11651
13552
11091
12009
14989
14081
11336
7573
10632
12485
13224
6453
8315
7071
5563
5979
6006
1656
-82
653
-1514
-4053
-5095
-3095
-2558
-1305
-2342
-737
447
-1570
-2298
-4418
-3811
-2771
-3017
-4512
-10179
-7280
-7097
-9777
-9092
-11521
-5022
-3687
-6468
-4051
-5078
-6347
-3353
-681
749
-1221
-1194
-1816
-1103
5859
5969
-9
-1785
3088
3469
5090
6142
4822
6529
5774
4796
5482
7453
2832
3069
7106
5275
4488
5285
4804
4676
6127
7810
6383
4210
4333
2351
3066
-4317
-4285
-399
-3575
-2212
-3041
-2703
-3173
-3634
-4133
-1001
1008
1917
98
-835
3948
3769
3052
3854
2566
5583
4590
3158
-1623
-3173
-3248
-4331
-1412
-106
-2918
-3436
-10366
-10063
-4961
-7176
-3322
-411
-7275
-9662
-4904
-631
1637
2603
563
349
2223
4334
3330
-1023
-1025
5536
5913
5686
3671
-351
-1153
-945
1632
16
-531
1343
3911
5473
2276
2322
5643
6667
7382
7792
5416
4992
8397
8230
7586
6002
5779
7063
4708
3285
2116
2849
1857
-2286
-622
208
-713
-2479
-1934
-1498
-2109
-2071
-3466
-4018
-6055
-6882
-8463
-8769
-14005
-9490
-5285
-4614
-2512
-8981
-5793
-4979
-4607
-4155
-5038
-3005
-2579
-1820
1545
4371
7253
2098
3021
11518
11546
10221
9398
9896
8811
11049
9479
10712
9653
7655
6376
5822
8498
5266
5901
5421
7247
6482
4422
4947
1816
2410
2396
818
2137
1876
4238
-190
-3949
-870
-3792
-4537
-6213
-8550
-7613
-7589
-8472
-11276
-14001
-15790
-12687
-11395
-12444
-10994
-14158
-13061
-8678
-5746
-2439
-2638
-8066
5816
5282
9164
8484
7249
8859
8659
10018
9351
11112
3289
7403
14294
11799
11892
11476
11614
12951
8322
7345
6998
6443
6753
8119
1673
-2335
5996
6196
6249
4931
922
464
-822
-2074
-3174
-2492
-2810
-5546
-6905
-7007
-7843
-7989
-8022
-6895
-8399
-8224
-7633
-11895
-9320
-4708
-2534
-2883
-3310
-2968
-4616
-4639
-5612
-3415
-8561
-1711
622
-26
3362
-4616
3177
3544
5210
11600
9087
10315
11528
13353
11615
5672
8093
10602
9064
10145
8547
8032
8380
7792
5589
4887
3180
1952
988
-1275
-2571
-7446
-4200
-2893
-4786
-3341
-4216
-1191
742
-4362
-2241
942
-2054
1877
1395
1450
622
-921
132
-2580
-271
-80
-407
1858
1897
914
26
325
-1144
-161
-598
-1579
-2288
-8104
-6949
-732
-5522
-1769
580
-1195
-1597
3214
4584
3780
4282
4404
2042
334
-64
-1169
2066
1511
-2888
-1978
-1898
-1355
282
3698
5477
4638
-684
156
3847
5115
2399
566
3997
-2222
2387
5323
1310
2749
280
2685
4746
2983
3275
3961
4691
6561
4158
-2669
-2864
-3530
-3735
-1861
-3964
-3166
-2332
-3459
-5244
-6026
-6801
-7279
-8577
-11788
-11002
-11234
-11596
-9765
-10060
-11419
-9230
-7788
-13965
-7599
-3893
-3444
2110
994
-1080
1025
3247
1232
8405
5654
6924
14105
10608
11502
10775
10889
14076
14901
17746
14452
10680
9723
12192
7330
3848
8526
4182
4747
3350
1274
1883
189
-1030
-695
273
1300
-74
-762
-2316
-2971
-3818
-6734
-7679
-8833
-9884
-10406
-10724
-12987
-12726
-12357
-11354
-10692
-10365
-5892
-7973
-11446
-4456
-5645
-6358
-1635
-3760
1898
1607
-737
6561
10356
10821
11752
13438
13343
14255
10071
8100
12695
14031
13746
11549
9242
8927
9145
7609
5041
4442
5611
5585
3651
3403
1979
-695
510
-1134
-2340
-3584
-6449
-7348
-8418
-8170
-10536
-11033
-12890
-13373
-8926
-7565
-7174
-755
-4838
-7913
2503
-1138
-256
2649
114
-83
2
-720
4
1427
-710
2147
154
-620
3111
757
-92
921
3391
2355
-2243
1496
4478
3927
6813
4099
2986
5049
5192
5958
5752
4153
1581
1569
-2411
-3652
-3371
273
-1125
-2078
-3126
-5808
-4236
-7805
-4566
-6575
-5432
-1711
-548
-2815
328
4833
5438
5326
4480
6145
5666
6440
7452
11643
6387
5388
8967
8353
5834
4020
3179
2597
5185
2203
-1726
-3834
-4152
-4492
-5322
-6529
-6810
-5119
-6260
-7683
-8657
-7992
-10074
-3563
-7012
-10268
-4310
-5188
-8826
-8782
-8208
-9246
-8356
-7014
-7654
-2981
1049
4413
5831
4049
3843
10533
9783
12394
11751
15230
10068
12178
10018
5210
13554
12405
12024
13598
14265
10179
12061
9805
11115
8823
3036
4310
2945
3401
291
2411
-603
-1654
-2017
-2105
-2805
-6567
-7558
-9551
-7997
-8851
-12099
-11821
-12152
-13600
-17335
-17292
-15762
-17130
-15957
-11229
-10000
-6711
-1179
-7012
-6940
3101
5441
8919
8979
9065
10887
6734
10340
14537
14272
12652
14536
15818
17222
17201
12720
9565
9675
12140
10343
8775
8042
5767
6413
5705
4896
4918
3079
3176
1910
2960
2416
-755
-3892
-6314
-8154
-6746
-7910
-9618
-7240
-12789
-13855
-10170
-10312
-9891
-7229
-3909
-4061
-1794
-4973
-6506
951
4616
760
-1133
1384
-3558
-2133
-457
1943
2186
3598
5485
971
3346
5636
6029
3275
4227
4330
6505
7645
7024
7951
7695
8977
6822
7214
8084
7891
5567
3165
51
-2212
-1628
-1231
-4651
-3235
-4171
-6669
-2274
-3902
-3229
-1114
-3125
-3219
-1715
-1375
-492
1070
-4057
4103
4883
2289
7367
5001
6199
4855
5794
5417
5671
3255
2614
2716
208
311
-1382
-3838
-6106
-4855
-3479
-5772
-4178
-3351
-6106
-4641
-4263
-3623
-7585
-6426
-4260
-6189
-3168
-1611
-2875
-2784
-1420
-3892
757
1712
-2087
-70
748
-2147
-760
633
-553
3650
4357
8556
3743
-623
10740
9604
8189
10698
9451
12426
9310
7146
10042
10509
7665
6853
7889
6579
6995
5339
1294
-721
-1169
-2684
-2134
-4937
-5826
-5482
-5417
-6323
-8419
-7692
-8122
-6942
-11092
-11816
-15329
-18059
-13687
-16704
-14129
-9332
-8412
-4233
-7642
-12176
-4097
-679
-1357
3901
-2503
681
10871
6766
4610
8539
10649
13691
17127
16912
16956
15836
17314
15432
11633
8129
13714
14810
12469
14916
10956
3451
3002
4594
6478
5275
6535
1636
-142
-6310
-4605
-751
-2048
-1204
-7685
-12249
-9563
-6184
-8024
-7484
-7093
-6416
-7786
-10372
-8076
-8263
-9128
-6040
-12447
-13280
-6746
-8831
-3948
-2674
-5663
-5899
-67
3338
2223
7986
710
7773
6536
3340
11072
10817
9067
11201
11434
10070
9825
8633
11221
10705
11367
9673
9099
7591
5862
7260
6147
4427
3961
-2934
-2032
-1415
-3543
-2575
-4906
-5460
-5568
-1274
-2679
-2113
-5678
-6864
-7352
-12916
-8341
-6815
-7094
-4939
-8094
-4716
-2813
-5003
-2966
1564
2093
1990
2940
2091
156
-144
843
1606
-1943
-3689
-5238
854
1831
-1875
-2017
-1048
3192
-2619
-1797
2478
1658
1404
483
2965
2976
5700
5744
2774
3983
6756
7998
7366
6963
5711
5879
4203
4437
-1414
-1987
-1701
-3320
-1369
-1379
1329
1527
3960
4997
5103
490
4475
7908
3236
5422
3247
3444
2541
74
3646
5023
4874
4793
3072
5527
2930
-125
-2112
-3951
-1345
-3279
-5387
-3415
-6066
-7450
-5310
-4542
-5947
-6128
-4727
-5064
-664
-376
-1253
-5074
-1175
3683
-1777
2098
4266
1657
4123
3075
514
66
3590
4082
-405
4990
7588
5728
4729
8950
12485
10553
11216
7830
5293
9567
6571
7807
7799
3292
3530
2092
5517
4205
2077
951
-714
819
-54
-1909
-370
1951
-1255
-327
-1718
154
-3320
-2686
-2807
-4018
282
794
-3267
-6535
-4312
-5772
-5665
-6831
-9127
-8742
-9054
-8854
-13101
-8314
-5547
-3902
-5861
-1913
310
-6402
5769
6628
5025
8438
6472
7483
8623
11196
9909
11143
10185
9565
10492
11491
8379
6557
7208
3509
2838
3632
4956
4234
5611
5787
4949
5177
3226
2990
2704
5125
-138
-715
2223
-1179
1040
-2296
-4687
-4417
-4183
-5992
-7256
-9213
-10607
-8381
-8900
-5579
-3434
-2490
-2178
-6814
-12613
-5448
-5849
-745
-940
-1968
-5178
-8023
1024
-1936
-3060
-912
-1450
4930
7741
1718
2113
6229
6478
10079
7845
8430
8107
10007
9596
6672
5557
9056
7124
5015
9807
6860
4448
6958
6465
3936
4716
3078
-4100
-1244
-1727
-669
-3355
-4618
-6683
-2417
-2171
185
2391
1057
1969
-9326
-2489
2477
703
3640
-238
219
-1325
-3167
2585
-5803
-3916
-4917
-5411
-811
-2720
-4006
-3824
-3670
-3228
-4428
-2146
-1369
39
2323
-7451
-3071
1502
-998
4569
3222
5815
6462
5157
5793
4724
4852
2808
5113
3704
3101
4361
2190
2224
605
424
854
84
4557
5380
-1954
2221
6557
5239
7271
8179
6754
7110
7712
6304
5260
1317
5147
4643
4746
6961
4177
5050
4926
5476
6919
4903
5136
382
-2593
2671
-1482
-3608
-4725
-5982
-6868
-7118
-7629
-9125
-9969
-8573
-10823
-12045
-10456
-8791
-8446
-16242
-12696
-10425
-10786
-6974
-5670
-6318
-3063
101
4914
491
-2316
7010
6858
8315
10727
5867
7582
4537
8549
8738
7577
10568
11043
10647
9847
11367
10238
9321
9569
3880
5031
7733
4270
5445
4938
4371
3030
1097
1572
-1019
-803
-1771
-3889
-4867
-5994
-6614
-8623
-9904
-10388
-12248
-13456
-13633
-14677
-15091
-16553
-17880
-15633
-15490
-11960
-9924
-10594
-6914
-1571
2057
-1329
-4961
-3210
4258
6206
8914
8997
5990
8061
11756
13891
16363
18731
13266
12476
12279
11744
11821
10257
10687
11137
10180
9973
10010
8036
8262
8531
6786
3731
3217
2176
-1844
-3197
-3580
-3958
-3565
-4890
-8410
-9391
-11826
-10913
-11023
-12163
-11025
-11567
-8096
-10049
-8934
-11196
-7819
-3780
-442
-660
-4889
-2757
-3234
-1362
-2430
794
-263
955
-2068
-1595
3157
3415
1469
-6255
-370
4142
3288
7327
6321
5595
5945
6270
5922
5755
10743
10550
11482
8832
1013
873
1326
2796
1907
-3607
-2619
-3897
-3103
-4763
-6044
-6388
-8972
-9483
-5380
410
-1380
-2833
-5461
-2921
2974
2474
6282
3347
6862
7418
6911
5278
-891
725
1843
1568
1209
4069
3195
1086
3003
3278
3898
-587
-899
-2410
-3725
-4422
-6334
-4917
-4436
-1791
-285
933
-4911
-5219
-2021
-3016
-413
-230
619
-512
-1711
-2753
-1969
-2158
653
1502
1492
-257
1232
9718
4784
-607
5119
8356
6648
10709
13598
9867
8211
12127
8263
7846
10075
8393
7649
6718
7753
7460
4307
3309
4985
3826
2942
1565
1039
517
-658
-252
-1036
-2242
-5370
-6280
-6445
-7398
-8357
-9241
-8307
-10588
-12328
-13661
-12653
-16384
-15047
-12513
-15919
-15983
-14258
-9796
-12882
-10406
-4859
2885
-2478
-221
8896
7936
7559
12057
12431
12513
14552
13353
11679
10463
9381
12173
12162
11899
12999
11113
8927
9291
9811
5037
2459
5965
4693
4987
-1999
-1864
-3160
-217
-2051
-2634
-3967
-6444
-6257
-5374
-6512
-9608
-7391
-5500
-11724
-15266
-13276
-10742
-11588
-9947
-9510
-8886
-7548
-6276
-856
-5708
-12372
277
-1617
-2516
928
-942
1650
3345
6881
7387
3139
4288
10317
7511
9306
10215
9427
8705
6920
8328
5582
6747
8020
8374
7796
6322
5305
4646
4229
2879
3164
1826
-1490
-1965
-4274
-3161
-4977
-9143
-6150
-5118
-4457
-6071
-6622
-7169
-7822
-7071
-7373
-5685
-4163
1231
886
-5944
4615
5446
1067
10489
2558
7417
7685
8034
6408
672
264
1335
3194
-4
-1362
-2845
-2519
-3192
-3204
-3383
-5706
-4016
-2650
-815
-9337
-9958
-2899
-3177
-735
895
-1001
-2303
1811
-2634
-5561
-2651
-2247
630
824
-308
896
-283
594
1077
289
1771
3808
1751
6037
9492
-95
6733
9021
6384
10453
8954
9808
9589
10043
10193
8254
7274
7587
8718
8326
5055
4248
3214
874
155
-347
-1439
613
-3150
-4024
-3010
-5666
-5197
-8890
-7036
-6657
-9326
-12267
-13111
-11533
-11275
-10676
-11131
-7819
-4108
-8450
-9544
-3101
-4718
56
730
-1662
411
1300
4689
5771
6755
7464
13236
14654
15459
16149
12488
11539
10755
10806
8418
7248
7278
9008
10495
10720
10197
6661
4379
4537
7306
3928
2890
-2452
-1589
-911
-1493
281
-1570
-5446
-5754
-5789
-5228
-6051
-6175
-7499
-9356
-7750
-9365
-10578
-8652
-8062
-6756
-7985
-8643
-9613
-10262
-9683
-10535
-9193
-6539
-7317
-8738
-1602
1399
-636
790
6220
6270
7648
9886
6426
7308
5066
5994
6960
8812
10496
8882
5800
6266
6981
4388
6920
3588
5638
5303
-406
1029
496
-220
1404
2278
727
1634
189
-1061
426
-1188
-2252
-2789
-3286
-5327
-5530
-6804
-6631
-5218
-5268
-3925
-5847
-3969
-3073
-5024
-3639
-1465
3164
-1761
-661
-3042
-1614
1800
524
-1690
-4560
-5153
-5621
-6911
-5084
-3670
-4089
-544
-4652
-5297
2324
-65
-2317
-1311
1592
2255
3671
7016
8023
9039
7375
5930
4926
9125
9227
8117
1951
2814
2553
1241
1066
562
-435
-2002
-2149
663
-1860
-1816
-421
3083
-1653
-2801
855
5622
3055
3544
1871
1877
1451
-2053
578
-1997
-2237
-4393
-4266
-2243
-2426
-4729
-3979
-1867
-6481
-7094
-2929
-4667
-5354
-4263
-6076
-2914
-3638
-4282
-4834
-4118
-2870
-2668
-4625
-8687
-1503
2521
1773
3924
3817
2839
2207
2940
1977
2126
2814
2375
4756
4924
7563
8781
1828
5440
9428
10984
12580
8626
8920
9578
8397
6486
3864
2851
880
5
1553
2110
2209
-679
1380
2956
3545
2053
-829
-794
-2863
1908
242
-1095
-3413
-1982
-2512
-2488
-4387
-3871
-3857
-4568
-5498
-5619
-6961
-8131
-10370
-11591
-10914
-12349
-10945
-10776
-6521
-3279
-3161
-7833
-697
-2217
-3629
7151
2793
6987
7113
7628
8378
10464
11221
7575
11161
8514
10098
7397
6040
11113
10073
10862
9788
9084
8523
7718
5976
3978
3001
1726
2563
1824
2433
3141
2968
2905
1559
-2738
-3198
-2388
-5890
-6474
-7476
-9316
-9936
-8312
-8954
-9208
-10575
-12364
-9991
-10422
-9215
-5648
-10459
-8770
-1597
-6304
-4077
-5240
-6984
-5621
-3419
-1758
-3967
-2771
-2435
1307
1234
3249
5898
5642
6523
8149
8305
8171
7634
7236
8863
7124
6767
7382
8349
8825
8351
6064
4986
5988
5226
3283
1158
-519
-2596
-3010
-5079
-7017
-7845
-7507
-6035
-5763
-6761
-6042
-5867
-5642
-2065
-2313
-6178
-4166
1928
809
597
-1530
-1170
-2364
-3488
2977
-515
-300
3594
1416
883
2176
846
-169
368
-257
-1772
-2437
-3037
-2505
-2346
-530
1106
-6268
-4217
4043
3154
5800
4941
3080
3235
2029
2516
833
2224
406
-1278
-1938
-2863
-3282
-2894
-4245
-3125
-2733
-3099
1407
1404
-4284
-1224
6956
5844
5115
3138
7546
8682
6729
4937
5454
6762
5990
7811
6186
8432
7485
4868
5353
6137
6310
4268
4323
3703
2555
1781
-1856
-1205
-1868
-3633
-4675
-6700
-5950
-8024
-8080
-9107
-10753
-10515
-12200
-9187
-11429
-9241
-12470
-16408
-8075
-6642
-7615
-3456
-2732
-3546
2163
-4691
201
4034
3835
9725
7232
9185
9313
11648
12879
12224
11527
11728
16568
15348
9206
8800
9926
8550
9910
9132
5845
7005
6249
5243
3469
2447
5956
3806
3615
3125
1860
-3259
-3994
-5900
-6593
-7487
-9795
-12299
-13125
-8731
-10031
-12247
-11431
-12406
-14215
-15166
-12892
-11500
-14991
-11637
-17986
-12551
-6687
-6920
-791
-1860
-595
1464
10098
10218
4376
5945
7593
12331
13035
13561
13508
13858
12237
13601
14089
9496
8802
8025
7377
7989
6319
6819
7886
8071
6712
4517
4653
2422
1064
-1122
-3940
-3889
-4854
-7219
-8326
-9050
-9862
-8598
-8463
-8429
-9418
-8084
-7146
-7517
-24
-2910
-8713
544
2537
547
2373
2381
4609
5376
5349
2849
1941
2981
3935
2220
1098
2407
-276
344
-346
3514
-638
-3785
3408
4790
5230
5266
6519
4298
5893
3945
2320
3583
1602
1839
480
2274
-995
-1423
1131
-686
-626
-1404
-2363
-4816
-6750
-6744
-3942
-2120
-1909
3648
601
-3873
6751
7678
7301
8311
7210
7426
6373
8036
6068
3748
2818
4752
3874
3618
3724
2381
1764
2157
3443
60
-2970
-4713
-5230
-3355
-4817
-7999
-9421
-9658
-11199
-10972
-11984
-8915
-8842
-7038
-7825
-14305
-8218
-9088
-9614
-10052
-8992
-7759
-5578
-3103
-3424
160
4978
4661
9871
10445
3086
13451
13166
12252
11320
10570
13320
12467
13557
12753
14426
14225
12878
13489
12457
9605
6384
4301
4061
3752
1266
-1525
-1433
-2548
-176
-3900
-3062
-3583
-6749
-6447
-6574
-8289
-12654
-11416
-15125
-15862
-14244
-13899
-17011
-15980
-14059
-13685
-9439
-8717
-11058
-13006
-12598
-8354
-9066
-913
-1068
-14865
-224
5240
4677
10909
10310
12871
13842
14578
13997
10866
11399
12768
13157
13720
13350
12124
9487
8755
8823
8608
5454
6020
4750
2722
3576
-163
-555
405
-2063
-1473
-4841
-6181
-5303
-4839
-7351
-11703
-6876
-8807
-6875
-7630
-11061
-9470
-9371
-8201
-8153
-8084
-7140
-5188
-4508
1232
-4418
-4085
4646
1420
1574
-1
-240
1078
-480
-1540
-282
821
382
5499
5836
-398
814
4904
5600
6341
6866
4328
4821
4593
1780
3167
3878
2276
1166
2257
3344
3488
2181
-248
-1757
-1899
238
-584
-2213
-1142
-1759
-1517
-1064
-690
-231
-1230
-3287
-2100
-2249
-3763
1636
-2711
-3493
4142
5471
7364
7320
5971
4390
7055
6633
2254
2442
2386
3144
2852
1761
-278
-2276
-2131
-4541
-3723
-7679
-7311
-4722
-7391
-5335
-7711
-5942
-5440
-4583
-4539
-9357
-5571
-2842
-1190
1271
-703
-379
43
768
1576
-228
1085
-44
1528
2773
410
231
1805
-260
4196
6839
-1339
6261
4997
5768
10217
6829
8034
6998
7488
4442
4287
3502
5522
5772
3836
3598
1229
612
130
-64
1104
1151
-1323
-1280
-2114
-4509
-4844
-4778
-6131
-5621
-3510
-3817
-5619
-6823
-5698
-6284
-5824
-7261
-8223
-7012
-8944
-9164
-8774
-5459
-8447
-13046
-5119
-283
-2153
4552
6589
-284
4557
7102
4591
7967
8401
7830
8418
8793
7533
7872
10067
8086
9880
10333
8181
4869
3017
8381
6729
7991
4034
2488
-2925
-1731
-62
-1927
2394
6057
3951
1510
670
-76
810
338
-656
-3112
-2555
-2806
-3164
-2607
-5430
-5622
-7420
-7098
-8176
-8268
-6327
-6649
-5949
-2589
-8942
-10659
-2918
-4058
-2557
-2914
-1441
130
-2752
-5140
555
4563
3685
4600
5818
5483
3526
4069
2747
3581
3066
2112
4703
3584
5761
10918
8233
8681
8580
6717
7384
6589
5908
3900
1299
1427
2287
1055
855
673
1176
-726
-1792
-2361
-4792
-5226
-6091
-5977
-6543
-6397
1669
584
-7881
-1292
1120
-317
1947
-1720
-2816
-1511
774
-2384
-2188
-2573
-2058
-1959
-6562
-7223
-8416
-8922
-8819
-5582
-4953
-123
-3821
-10207
-2001
1352
77
5029
5058
2735
4767
4547
3553
4454
5459
4263
5338
4973
3542
4240
2632
1974
379
-792
-1599
-1417
-966
350
-438
1946
2717
-4470
3256
4548
3216
4885
4639
5241
3648
5176
2909
4763
1596
560
2049
-379
258
-663
-1969
2284
2032
-1028
194
-490
586
-434
-2498
-2323
-3144
-4213
-5827
-5587
-6251
-7696
-9034
-7487
-2099
-3370
-7574
-10975
-4955
-3057
-4326
-2697
-3528
-2580
-2857
-1000
1576
2188
5604
4647
-141
7741
10310
8091
9415
8296
7636
8128
8660
8729
8873
6865
5208
9790
6262
8557
14525
8257
8472
8130
6309
3676
3551
3734
3425
4193
1922
2254
2182
399
-1145
-2766
-2936
-5179
-6912
-8918
-10446
-9679
-10221
-10337
-12393
-12457
-15231
-15528
-16807
-16600
-16262
-14351
-14017
-11803
-2800
-12121
-7891
-8085
-5347
3004
669
7621
5511
6158
8395
10822
7546
6163
14918
12494
15102
12205
11642
12275
13224
14514
14209
12982
10803
8692
7429
6955
4878
9134
8445
6943
1543
1761
-61
-2144
-3489
-1766
-2990
-4875
-8776
-9263
-10022
-9658
-10686
-11582
-10675
-10336
-10197
-11903
-10837
-4624
-12110
-8030
-2994
-6720
-5658
-6284
-3729
-483
2092
-1777
1388
2942
-2802
-969
1718
4717
5667
1592
3272
9367
11255
11229
11789
11755
10622
10830
9064
9889
11138
9869
9720
7394
7190
6283
5778
3720
1318
625
-650
466
-1374
-3426
-5603
-5934
-6923
-10632
-9757
-9000
-6889
-5645
-1135
-8574
-5557
2375
-1852
4168
1782
1829
-654
3773
4014
-1323
3525
2915
1025
2649
4205
1836
1838
1823
585
1359
-172
-1669
-457
-1431
-2362
-3892
-4682
-5978
-3926
-2555
-2157
-3783
-5302
-658
5
2870
1312
-1517
-343
-1351
-1887
-4007
-3431
-4318
-4685
-3310
-2951
-1311
-1099
4532
-2452
-246
10959
2957
7244
9744
7295
8285
10443
9448
6604
6868
5426
10123
3594
6923
6484
4952
3129
4204
7050
3242
2253
1836
221
-1320
-4702
-2539
-288
257
-6442
-7819
-8213
-5425
-6972
-8110
-9607
-11100
-10130
-13021
-15533
-16822
-18326
-17091
-15219
-11157
-10475
-12769
-8403
-6465
2819
1843
-540
11372
6410
8791
12113
10387
14625
16428
17123
13913
13672
15168
16587
12658
11218
13987
10894
11103
9620
7979
7426
6235
2835
2789
2041
-583
1120
-1233
-377
463
-1168
-3541
-4711
-7939
-8610
-8570
-10720
-10915
-12808
-11132
-10960
-11134
-10676
-11843
-15044
-16867
-13506
-10308
-11089
-2593
-1222
-10128
-1096
1208
3465
6544
1323
2176
5073
8692
4568
2021
6945
10245
10590
10678
11259
10624
11657
10275
9871
11161
7937
7881
7770
6491
5956
2276
2193
3520
1531
206
-369
-203
-3133
-4022
-3412
-8226
-6216
-7042
-9117
-8650
-10799
-12021
-10594
-10529
-11169
-5171
-3056
-5529
-486
3169
-4536
1404
4837
1969
4100
2852
4972
5774
5929
4448
4896
4654
5583
6548
3658
1918
-57
-2634
-2948
-4017
-5149
-4352
-4898
-287
-5661
-5674
-32
-2575
1350
1355
-495
-2257
2177
-56
-901
265
-3658
-1659
-4721
-5331
-2015
-1921
-1995
-168
1426
-150
-3285
-1353
259
-98
6342
-880
206
9479
6559
11254
8168
8228
8511
8553
8852
5700
5393
3723
4779
5285
3495
3561
4455
3606
3606
2286
-2787
-3929
-5389
-7478
-6315
-9894
-8222
-8955
-9745
-10499
-12240
-11390
-11861
-9977
-11961
-15562
-13457
-10141
-15186
-10952
-3588
-2881
-3674
-3829
-2335
-1395
2549
4708
4721
8986
4496
5239
14358
10435
13781
14255
14069
15289
14438
14987
13381
12767
11879
12395
10795
10628
9054
8534
7047
4964
3990
678
1602
1488
640
-924
-2594
-3015
-5585
-5709
-5787
-6638
-6999
-9685
-11933
-10260
-9084
-10428
-11541
-8146
-9288
-11977
-12239
-12419
-12801
-12551
-11574
-11927
-11593
-9182
-3175
-5638
-3016
-1500
-1405
6783
5063
5107
7719
9797
9438
6867
10020
9468
11412
13589
12114
12103
12933
12229
9414
9282
7155
4550
3740
3869
3794
2648
1539
3076
3646
1821
-944
-1042
-1277
-1415
-2116
-3653
429
-1021
-3749
-3891
-5355
-4967
-5040
-4057
-5300
-5919
-2898
-6425
-7092
-1760
-5189
-8807
-1754
329
336
-1279
-2655
-3116
-4946
-2679
-2853
-2929
-264
-1427
-2896
-4565
-4829
-2978
-5295
2473
-164
-3278
1469
91
1339
3626
4318
5325
2413
363
2332
3404
5076
4973
7349
4896
4909
3169
1999
1475
3062
3923
3538
3238
2607
445
-3677
-1101
-3029
-1300
2363
3754
-883
2297
5937
2232
5109
3018
2621
4831
4256
2591
-1122
-1962
-4
-163
-1204
-3215
-3321
-5897
-6708
-6083
-9328
-10146
-8941
-9392
-8078
-10311
-10229
-7260
-8868
-3868
-65
-5651
-7323
1330
-39
807
4888
2740
4112
5027
3521
2777
2170
1879
2423
637
2449
4970
5510
8942
8957
2272
7416
9457
6492
12807
11018
5996
6891
5868
5137
6023
5770
6826
5709
3443
-1283
530
520
-3688
-521
-3195
-5203
-6543
-7701
-4178
-7349
-4282
-853
-5049
-4841
-4462
-6036
-5563
-5395
-7058
-7604
-9442
-11068
-12095
-9962
-10024
-7977
-8889
-10511
-5125
-4558
-9492
-7852
-2015
-418
2053
-1752
5068
7738
10098
12574
10112
15075
12426
13174
11820
9793
8254
9005
12613
9805
6025
8246
8132
6888
8640
3410
2654
2576
1834
8148
3702
124
5223
4008
3098
2517
982
-1881
-3513
-2621
-5827
-6820
-6749
-8340
-8299
-7961
-7879
-9196
-9907
-8835
-10117
-10730
-9424
-11029
-8635
-3288
-7879
-3832
-4940
-4125
-3176
-3966
-1919
-2783
-1319
-926
-5011
-1827
1190
3024
6138
3843
3455
5244
7436
6397
5886
11728
9572
8267
10210
8550
8643
8088
8930
9346
7512
6781
4741
4317
2413
1863
717
-1434
-957
-1302
-1208
-3340
-3954
-6579
-7986
-8822
-7911
-8069
-7099
-2082
-4741
-8611
-397
3246
208
2864
-2061
-1312
-1020
248
-65
-4111
-2156
-3044
1326
-1299
-2504
-4445
-7210
-653
219
-2139
-2388
-539
481
3369
-5441
-4667
3590
2120
6525
5041
4050
5988
5912
5706
3745
3107
5048
4062
3289
883
1495
449
-393
-862
-1039
-623
662
-447
-1238
1760
-8275
3838
5205
2901
5841
1207
5796
438
2726
2193
1291
1415
98
4086
213
2207
7561
3369
4829
3019
1454
466
-881
-1043
-2329
-2367
-3433
-3188
-2818
-1633
-1841
-1346
-3845
-6385
-6605
-7584
-7361
-8716
-6797
-7944
-15231
-8315
-6916
-9107
-4784
-5992
-3086
-369
-2827
2456
632
-6785
3593
3571
5507
7038
4603
8776
7129
10519
6405
3673
1780
8918
17766
12153
9904
5720
7701
9746
10366
7863
4876
6141
3699
3029
1689
268
900
719
-435
-1332
-1141
-91
-2013
-2596
-4807
-6021
-6179
-7043
-6848
-9286
-9068
-10488
-11880
-14101
-14757
-12966
-11577
-14902
-9640
-8266
-11671
-2289
-1500
-2924
-3290
1367
1055
1480
2837
739
10625
10388
9886
14123
15661
13157
10576
11003
13798
14377
7440
7972
7599
7498
8144
6557
6769
5165
4483
3434
2772
7476
4470
2166
1425
-3402
-4414
-4639
-3702
-3700
-3633
-4477
-5268
-7628
-9217
-11137
-10591
-11687
-10788
-5520
-8304
-11034
-5338
-567
-1122
-1542
-871
-4323
946
3868
-2846
-1403
-1918
-634
2373
3137
1432
2546
5710
1325
-58
3508
3627
6078
6960
5725
7409
5805
5720
6283
6294
5736
7206
7151
5606
6893
4026
2381
2587
934
-326
-1701
-3274
-4476
-6390
-7844
-4749
-3998
-2141
-1091
-1143
1072
-4061
-4411
888
1515
2031
7552
8153
6257
8038
7644
5792
7026
5866
3916
5133
2973
1934
4928
3647
2837
650
694
-662
-6794
-5891
-7555
-7867
-9660
-9851
-7805
-9046
-5654
-3844
-10106
-11844
-8683
-8589
-6929
-5476
-5613
-4267
-5322
-5395
-4396
-3402
-1216
-1719
397
1240
2905
3277
360
3183
13520
13849
11818
12559
11963
15200
13282
12314
9965
10068
11222
11217
10910
9010
7934
6836
6349
7042
5071
3920
3124
1907
1582
-1622
-3817
-3847
-3288
-3522
-4986
-6971
-9691
-10783
-12437
-15221
-14258
-15661
-15254
-16530
-15204
-16304
-18929
-18152
-17699
-15926
-14887
-10585
-12955
-10807
-2390
-2661
-250
7553
9483
10176
9039
11136
12262
11695
14043
13639
14491
13855
15117
16511
14977
14587
14682
12349
12004
9229
6522
7493
6377
6546
4834
4809
2438
-79
-137
-711
-2036
-2874
-3797
-6537
-6953
-10105
-10379
-10182
-11506
-9750
-10819
-12946
-10247
-12761
-15681
-14611
-11628
-9103
-8278
-5128
-7436
-4528
-1471
-504
734
-1034
-1117
2077
3822
2711
4367
2206
254
5528
7195
7420
8935
8539
10304
9900
8769
5235
7199
8318
8506
8644
4527
6918
6202
5509
5743
2917
2649
847
-1589
-1388
-4919
-2729
-3706
-4800
-4040
-6869
-6570
-8802
-6495
-4054
-3850
-5084
-3199
-2179
1973
-2090
-1789
6483
4286
4638
3303
6693
6451
4969
4105
2600
1647
2241
3415
837
251
-1745
-2038
-2624
-3250
-5925
-6133
-5976
-6181
-5767
-5668
-7724
-10245
-4221
-3613
-3302
-329
-1947
-2847
-3191
-4913
805
-857
-4230
-1054
-2904
1517
4075
1940
254
-1253
1079
2761
2018
5374
5669
1736
4476
9472
9807
10630
8283
7799
11682
12534
11405
8571
5146
4526
5893
4199
3719
3211
2304
1472
1796
697
-3974
-3140
-5693
-2899
-4502
-9896
-5817
-8210
-9088
-10125
-11433
-13110
-9246
-7313
-13661
-14770
-12581
-11065
-8252
-7340
-8633
-10523
-8597
-3103
-3095
-1914
-2704
803
6096
7488
1629
7635
13510
9988
13851
11074
14484
14159
11645
12328
12966
13494
10795
13012
11647
8884
5951
5742
3955
3349
2345
-171
-660
-1443
136
-4619
-2380
-3201
-5507
-6518
-5340
-6077
-8806
-8732
-11577
-7977
-4715
-6811
-9054
-6993
-9227
-7806
-8578
-10109
-9857
-9652
-7326
-8774
-8986
-3972
-3749
-7820
322
1818
4202
6983
5285
2880
629
5244
9181
11533
9641
7416
9653
8884
10989
8916
8417
6319
9356
6515
5378
3460
1723
6042
-1281
-961
-154
3194
1532
-32
-2946
179
2905
379
-1949
-4831
-5295
-4180
-2657
-3329
-2422
-3532
-6191
-3957
-4682
-4761
-1604
-5951
138
290
-8031
-349
588
915
2382
133
1554
1621
732
578
-436
-855
-1806
738
2355
-1117
-2172
-3033
-4328
-2421
-1736
-7012
-1430
-718
-598
1870
-585
-1211
-178
3676
5097
7912
5147
5165
5860
4622
4412
3535
1905
1327
3367
2695
1758
417
-278
-1198
-1332
-730
-1709
2679
2452
-3165
4056
8949
4809
7854
5917
4147
5005
2543
2594
-366
-497
1670
3286
1504
-1632
-4114
-3516
-3376
-2536
-3656
-6403
-3370
-6076
-6482
-8931
-10521
-7142
-7132
-6847
-7793
-8002
-7842
-5296
-3199
-7783
-7398
-1731
-2271
-1422
-67
-1493
-519
-2037
-1779
833
2241
4305
742
6943
5617
-2303
8869
9069
8258
9655
9188
10509
8667
9563
7648
6290
5054
4627
5360
4060
2111
1762
628
-440
1013
-318
-3426
-2901
-1012
1674
1034
-208
-1607
-2510
-697
-738
-1248
-4271
-5090
-4685
-5939
-5394
-6793
-7410
-6800
-7713
-8833
-11241
-12242
-12127
-11920
-11996
-9648
-8923
-2113
-5400
-11496
669
3529
6485
8530
6340
4493
7728
10277
8888
10251
4645
5957
12002
8251
6484
10142
7145
4960
6101
6703
5877
6148
5964
5401
5007
3764
4736
4073
4627
3358
3266
3377
2220
2695
-935
-1517
-1625
-2419
-2865
-5447
-5326
-7769
-8573
-7579
-6502
-8198
-5211
-6787
-6545
-153
-11845
-6322
-3160
-5886
-2490
-5051
-1028
-2986
-3182
-2238
-3472
-6542
-3972
1072
-1945
-3082
-395
1557
2274
6600
6368
4367
6961
6894
6487
7310
7681
8858
9263
7831
8576
9253
8421
6069
4638
3025
1754
87
-2473
181
-530
-842
-839
-1600
-2286
-3794
-3762
-2441
-4895
-2235
2096
-10968
-4026
3181
-1076
2695
-292
-462
1405
766
-2003
-992
-3678
-5019
-2458
-4300
-1916
-443
-651
-1113
-246
-2515
-3636
-3385
-4088
-2231
-5584
-5591
-4106
959
-4389
-3090
1627
232
5460
4876
3440
785
1778
52
372
-719
-639
1343
1463
6
671
-1731
-1125
585
-556
6087
-4534
41
6566
1921
7868
1141
1507
7522
3552
3884
4570
2747
3510
4297
5276
5779
3271
2975
3959
1858
2008
1710
1373
610
-38
-63
1126
368
-965
-2548
-4204
-4338
-5895
-7829
-11444
-11064
-10826
-11331
-13718
-11192
-12092
-12772
-8965
-9363
-13758
-15641
-9806
-7894
-6802
-4886
-2190
-6057
5104
1082
1582
10514
7719
8937
10335
11687
9160
9899
10204
8790
10846
9575
11545
14730
9218
10159
9467
9844
6665
7645
7093
5502
5843
4188
5107
5786
2693
679
-548
-615
-1826
-3110
-5402
-7748
-7241
-7886
-8606
-10614
-10663
-12278
-13411
-14837
-14587
-15239
-14540
-14543
-15395
-10411
-11581
-13628
-7716
-1733
-2566
-4501
-3069
3446
-1665
1033
6745
3771
7269
11116
13828
14868
16144
14482
15682
14645
13961
12482
12123
11267
12175
11598
9018
10664
7205
8600
8034
8510
7378
3018
688
-2487
-3101
-5962
-2337
-7501
-7323
-6343
-7773
-8679
-9657
-10824
-10760
-10560
-11839
-15460
-7856
-8917
-12521
-2997
-6178
-1203
763
-3396
575
917
2163
1476
-1457
202
2245
2411
3601
1649
-197
505
607
476
-1743
-573
1610
-3895
1032
3451
2302
7198
6316
5888
6281
5644
4205
2976
633
-1308
-840
-1158
-1851
-930
-2677
-2350
-4011
-4237
-1537
-6437
-3351
-1316
-7617
-2590
-5498
-4672
4568
3326
7628
6433
5703
7753
7004
5939
3904
2968
4515
5224
5042
5321
5438
6762
5661
5730
4121
3639
1976
386
894
-1334
-2899
-2862
-5838
-6430
-5521
-6853
-7262
-7055
-6771
-8770
-8472
-6158
-7307
-13348
-14582
-9636
-8483
-7919
-6898
-6371
-3732
-2688
-1439
-2042
1906
