5180
9318
6930
8330
12230
10825
10612
15086
13749
11496
12497
14856
13594
8924
11878
7863
9953
11022
4758
7615
-1468
5124
8261
468
4367
4245
4056
2155
4550
3208
501
1726
-651
-195
-4032
-3672
-2679
-5053
-5146
-7970
-9483
-10494
-12186
-13844
-14753
-15743
-15964
-16612
-17461
-15826
-14672
-14057
-9368
-8607
-11449
-7028
-4011
-3535
-1595
-3290
-1694
3320
2042
2495
6059
4394
5514
5750
5289
6053
9132
7041
7703
7266
6255
8796
6917
6652
5732
8027
7322
7055
-123
-898
2836
1759
195
-2007
-175
-608
-214
-1336
-3998
-6374
-6255
-7017
-7907
-9425
-9049
-9780
-9257
-8876
-3524
-1429
-9396
-3097
-1860
-3249
150
-211
-2206
-5548
-1472
1200
-684
-1666
-6273
-4419
372
-2925
-4194
-4836
-3231
-1310
610
2040
1956
1141
1161
4578
3123
4687
9096
8783
8641
8412
3636
3219
3512
7412
5639
4313
3338
1540
94
-1591
-408
-3816
-2948
-1702
-3524
-3967
-2292
-127
3055
-2407
-1411
1719
-598
3970
4027
3286
1507
4724
5295
5711
8808
5041
5494
3688
3185
6761
7681
4995
5210
4767
2907
1069
-4643
762
722
-712
-1271
-4630
-5471
-6034
-8134
-9744
-9515
-10548
-11530
-11902
-12114
-13171
-11749
-11380
-14431
-15231
-11917
-9843
-10349
-8333
-8517
-5019
-67
-1866
-2386
5634
10054
6454
10750
11675
5845
8691
12419
10086
11974
13498
11040
12075
12286
13919
14938
11219
12256
5136
3802
7658
6199
8469
6951
6010
5293
5752
4958
3421
3610
4670
4608
178
-932
-1693
-2975
-3480
-4770
-5939
-7447
-7694
-9431
-10419
-9370
-10486
-11500
-12581
-11521
-8972
-14033
-14354
-1558
-2572
-3665
824
-1347
-2191
-2085
188
-1895
1204
6134
5691
8690
10460
10203
8336
3167
6178
6553
6933
8638
5605
7109
7439
5561
6132
3922
3052
5289
2271
1125
341
-134
-3073
-2558
-4508
-8935
-7811
-9945
-9365
-9725
-12113
-12695
-13545
-13599
-10485
-13882
-9008
-4905
-9900
-7393
-1446
-2006
-2745
843
102
-1487
339
2021
568
1049
1547
3475
-361
-4759
359
-1195
-3823
-2860
-3902
-4509
-4897
-2844
-1024
-1885
143
-3404
-5319
-1062
3791
3743
2278
3211
1505
199
1440
1121
-36
-2417
-2273
-837
-4864
-3585
-3357
-3996
-5255
-1057
-411
2320
6166
3215
9479
11879
10718
8305
11132
11768
10015
13451
13638
15669
11109
6866
11605
11901
10053
12065
9279
6756
6961
5372
4797
3209
-2428
-4229
-4041
-6623
-5228
-4957
-7040
-4266
-7110
-7773
-9921
-9470
-8819
-10915
-9926
-12450
-13828
-14535
-14603
-10923
-12045
-11895
-12128
-10505
-2923
-2892
806
3050
-2651
8959
12696
7195
10312
14185
12098
15614
14679
12485
17210
14524
13897
11788
10461
9914
12285
10383
7971
6273
5587
2790
-2752
-164
-1106
-746
-2391
-2050
-3387
-5751
-5772
-7322
-6266
-7825
-5967
-7681
-10869
-11093
-10322
-10939
-11125
-13712
-15548
-14504
-12803
-13249
-12549
-9463
-12206
-6452
-2967
-10554
653
3955
-3987
6713
2369
2409
4452
6822
8078
6915
9798
9083
11074
13552
15211
15172
13013
11424
10314
9544
8317
7947
8697
6613
7629
7041
6021
6893
4206
6779
4711
2836
1276
-2982
-1953
-2469
-5618
-4658
-12858
-14244
-7787
-9274
-11043
-9852
-10519
-11062
-7470
-7963
-1635
-5206
-4416
5226
-3071
-3486
4221
3600
2718
2425
1046
2238
3357
5334
1009
1340
2327
-392
-506
-3428
-4030
-4988
-5797
-6591
-7726
-8818
-9640
-9759
-7851
-8263
-8573
-10232
-11882
-7923
-5689
-5796
-5521
-7722
-7605
-5611
-3587
-4957
-5025
-4159
-6600
-4195
-3737
-3911
-3066
-2406
1431
6683
1978
2394
12927
11943
9950
12009
10580
9018
9679
8834
10399
8908
5605
8657
9992
7780
8360
9842
8514
3612
1961
2934
2949
1045
-1826
-3563
-5585
-4247
-5055
-6221
-7976
-9022
-9159
-8358
-9143
-6590
-7158
-9082
-8644
-9059
-9305
-10089
-10115
-9748
-8626
-6675
-4790
-4995
-8341
-2484
4319
3602
8267
11141
10508
11466
14158
13404
13757
15417
14960
16657
16459
14969
15922
15917
14595
13092
11162
9711
8677
8773
8717
7591
4505
-567
-271
1350
1960
847
-925
-1328
-713
-1336
300
-876
-3238
-2566
-2679
-4388
-4054
-4215
-4161
-5220
-5996
-4939
-10337
-7982
-4905
-8912
-3343
840
-2754
-5205
-361
-1482
-3392
-1267
-316
-312
-2399
1194
3383
3220
4161
3314
5436
7647
3094
4802
6125
8019
7504
5480
7375
4925
5813
4861
3718
6672
7992
9791
5113
2921
3592
6416
6271
6659
5460
4956
5243
3499
1577
-4114
-9095
-6847
-5958
-7359
-5592
-5695
-6736
-1757
-810
-4713
855
3626
-122
2460
3314
914
-1451
-924
641
162
-1965
-2220
-2838
-2811
-2911
-4858
-8492
-10044
-10110
-11705
-9983
-11295
-10059
-12738
-13475
-9286
-10326
-10519
-10170
-8745
-9608
-6345
-2928
-2065
358
49
1912
451
-4098
-1195
-433
-1469
-1164
-1141
244
249
1418
-793
2187
6492
1346
10467
11693
10962
12460
9667
9881
4932
8848
8285
8448
10610
7279
7917
5489
3663
-776
2070
3009
675
1413
-748
-3875
-2934
-4726
-998
-103
-1966
-1444
316
-2533
-4308
-3226
-1738
-1293
-6174
-9163
-4241
-4858
-5968
-5561
-7599
-8228
-8621
-7519
-6990
-5810
-5837
-5807
914
2302
2297
9182
11336
10078
12335
13140
12488
12361
13773
14469
11641
8575
9493
8789
8262
7433
6067
5621
4973
8599
7815
6953
2425
2306
1748
1786
3716
843
1396
-2865
-1980
2939
-682
-2670
459
-2794
-3664
-5889
-7219
-4631
-5324
-8991
-12087
-11480
-12941
-11827
-9708
-7990
-10935
-7169
-6497
-11897
483
-1989
-4771
-1146
-4099
-3254
-6008
-4488
-4104
-5662
-3466
-4724
-2049
-5497
-4459
3060
682
1719
3420
2313
3245
4150
3925
4752
6191
5239
3889
6867
1298
-752
3360
2165
2110
887
640
-1134
-1778
-1811
-3354
-3482
-8425
-9601
-8631
-8966
-6087
-4335
-2997
-4948
-699
-7421
-1642
9083
3079
1999
1441
898
-2793
-2825
-1171
807
1789
-1373
318
4199
4358
2350
1535
1007
267
1108
301
734
-291
-71
-1613
140
-5072
-7504
-1734
-1485
-319
-910
-1957
-1759
-1005
692
2608
55
-141
464
-1564
-2709
-2781
-3047
-2914
-1422
-3387
-425
570
4174
5234
4546
9221
6593
5685
7359
7365
9052
8274
1783
4873
10074
6691
2536
5031
8518
7615
4575
3426
6607
2888
1937
4244
2987
-2583
-6661
-906
-1184
-2789
-2395
-5887
-4787
-2728
-3029
-3718
-6290
-6658
-8376
-10222
-9962
-12454
-11557
-11243
-12028
-13738
-16164
-14911
-10857
-6860
-9009
-3194
-2562
-4314
4719
5486
6701
10041
6873
6385
11150
10772
12607
13462
15336
14436
15061
17318
16782
15718
15898
15754
15967
10826
9573
11048
10784
9161
6006
6300
6379
6081
5658
5602
4075
2088
1014
1015
-2094
-5967
-6540
-7183
-7901
-6711
-8577
-10668
-10852
-12255
-9478
-9825
-9716
-10552
-11814
-10169
-11130
-4210
-8939
-10480
-5941
-4787
-4207
-6827
-2873
-3013
-2593
-671
1621
2384
-165
590
5902
4500
3242
6668
5942
6605
6816
6910
6067
6813
7194
5082
6395
4723
4541
4143
2190
1791
-418
-1654
-1139
-858
-2332
-4752
-5249
-7256
-10731
-10145
-8115
-10138
-9232
-7476
-7697
-881
-6272
-6531
4438
1973
1948
5102
6368
5045
5777
6544
6556
6328
5398
6274
5159
3170
432
1744
235
-101
1265
-1894
-2401
-82
1571
893
-178
-2648
-3141
-2960
-3024
-3394
-4137
-4409
-3165
-523
-918
-578
368
1395
987
-225
-1417
-3515
-5250
-4586
-3026
-1548
-1175
-982
6676
5870
751
7225
9534
8916
10205
11076
9454
8587
6623
9747
12721
6435
3206
7160
8426
7076
7388
5719
4705
3257
2332
1183
2637
407
-3081
-4257
-6422
-6547
-7616
-5475
-5051
-8496
-9791
-10948
-11755
-13182
-13925
-9526
-12870
-19693
-20178
-19233
-14792
-13144
-12275
-17361
-13930
-13900
-7745
1685
-1073
-5670
5805
5325
9451
11433
8165
9158
12304
13154
6250
10598
12911
8284
10950
14152
10673
7460
11690
9219
6494
6396
8634
9360
5660
4491
-2837
-1478
-553
-1278
1936
-2519
-729
-5214
-7366
-6743
-6596
-6367
-7544
-6021
-6760
-7355
-11688
-12363
-8679
-9140
-8875
-7036
-6966
-6217
-595
-1724
-1349
1052
1757
3898
5281
6323
862
3022
7208
3321
5477
5421
6357
6446
7915
11248
9802
11201
11730
11145
9493
9812
11078
9176
8411
7798
6038
6888
5335
4923
5434
2228
1138
635
37
1707
-293
-2011
-5339
-5743
-4067
-8207
-11191
-10450
-7940
-8489
-6885
-8657
-3451
-1065
-2071
1753
4875
2877
-2562
3492
4619
4970
4030
4388
4615
2967
2394
1469
1794
1383
-575
-1747
-3361
-4878
-4524
-4209
-4407
-4203
-5467
-8734
-9741
-8623
-7951
-7897
-6238
-11131
-7379
-5004
-5154
-4496
-6773
-2297
-3184
-1469
-3672
-3491
-2561
-2957
514
1374
1974
3574
5306
6857
13054
8085
6793
14548
11162
13643
15239
14774
12614
9822
13196
12945
12844
11154
7069
6570
6976
7114
5807
1624
1427
904
-2934
-1579
-73
-2000
-2964
-4334
-6213
-9890
-10605
-11656
-12012
-12999
-17499
-13981
-15563
-15437
-15950
-18587
-15634
-16981
-17612
-15913
-16592
-14429
-12179
-10711
-8349
-11120
-2792
-397
-925
6138
7952
7629
7827
10071
10101
10383
12577
14641
13773
12535
11858
10717
12553
14800
11045
7783
7393
7370
4973
5212
4170
712
-199
-733
-3398
-4533
-1548
-6504
-4899
-5239
-6450
-3811
-5779
-3496
-3509
-6396
-5560
-7394
-6949
-6587
-9911
-6158
-13195
-13071
-9683
-7252
-4650
-5357
-361
-2614
1735
3552
1620
2426
4847
4121
2298
6329
5705
7156
5878
3603
130
9570
10684
8181
10298
9033
10583
7769
7849
7334
8165
8863
4661
2834
3881
4054
3622
3701
1849
4177
3871
2117
3146
3087
3472
2788
-3247
912
-3823
-5446
-522
-3566
-4855
-5559
-5196
-7418
-2321
-1314
-4896
1805
5042
606
1798
2153
1425
529
-1752
35
1780
812
-1215
2318
620
369
-999
-5492
-9212
-8395
-7349
-9010
-10286
-10083
-9463
-11413
-6303
-7005
-6286
-9684
-5029
-624
-3811
29
2262
1719
1485
1882
-3541
-1783
2868
3122
2700
3931
-1375
-2692
-1284
3070
4589
4839
10736
5392
6956
12964
5523
4391
10295
9606
10060
8660
9918
5425
5153
6791
4363
4864
3941
829
-3598
-453
3489
2743
-497
-610
1821
-2045
-1926
-1551
-1788
-1459
-2617
-3114
-2324
-2839
-3412
-2231
-8814
-6941
-4322
-8213
-7238
-6337
-8872
-7927
-7331
-8442
-8631
-5409
903
498
5506
2981
4411
9187
8921
11050
10092
11758
9001
10601
10588
12704
12680
8671
7001
5702
7359
6094
3479
1845
-98
-1928
1616
-1160
-945
166
1239
-83
-1216
187
-1137
-702
-765
-1827
-6300
-1691
-862
-1168
189
-1776
-1641
-5601
-6893
-9541
-9064
-8909
-9830
-10855
-12127
-10826
-10120
-8255
-6120
-4525
-6431
-3027
-4901
-6193
-3656
-2243
-1797
-3117
-1166
-3640
-1693
251
1100
5334
1434
1118
4429
4308
4757
4093
7387
5768
7262
8502
6510
7439
6259
5090
2315
5826
4374
3196
4328
3842
-1416
-4142
-1358
-3267
-2510
-3347
-6085
-7010
-9298
-7613
-7535
-4077
-2891
-2532
670
-5366
-3062
-1637
-881
-3174
935
1025
-2497
-752
-3537
-1064
-2063
-5345
-9544
-3550
-2898
-5164
-3987
-7206
-6192
-6695
-8197
-7396
-5092
-1752
-3173
-4292
-7252
-5686
2372
-52
579
1757
3528
4213
6102
6035
3072
1080
334
2809
2820
1422
442
-3485
-3517
699
1997
2371
908
4363
3148
3960
3740
7515
4921
4772
9687
7247
6083
5997
6500
5698
5511
4202
8557
8011
5929
4158
4423
6094
4345
3798
3150
3378
-205
945
1021
-1344
694
-1318
-1858
-2727
-2461
-3853
-5708
-4851
-7442
-7815
-8662
-8011
-6255
-5888
-7781
-7226
-5424
-4892
-2097
-689
117
-1300
5090
5311
3024
7592
8718
6643
8769
11054
7388
8364
10055
9505
7490
7698
9175
10634
9900
7901
3046
4212
9498
3803
-157
2310
1647
1260
2221
-165
-1423
-2181
-1611
-3073
-4018
-5943
-6543
-6137
-6979
-7567
-8750
-8787
-11902
-13755
-14689
-15179
-15710
-17780
-17428
-14640
-13873
-14841
-17940
-13354
-10136
-12653
-9731
-11750
-8895
-1141
-2785
-1257
-1977
2043
11300
8966
9007
10498
12896
12700
16392
13419
4639
10165
8860
12354
13863
12556
9999
7126
8490
6612
7496
6740
4745
4272
2049
-4714
-2117
844
-1566
-3975
-6472
-5641
-7429
-9264
-9421
-9547
-11629
-12133
-12181
-11638
-11113
-14011
-5578
-9724
-11654
-422
-3938
-78
234
-2008
1567
-1743
817
5952
4733
2768
1960
2387
-739
547
1843
1913
3916
2762
4883
4238
2290
2871
7221
5775
6918
6397
7226
6850
4536
5920
5242
7139
4531
4069
958
-687
1746
-2527
-4456
-7609
-9009
-8523
-4530
-6444
-5326
-10719
-11659
2333
-2521
1213
1460
687
2053
3386
8016
8553
5359
4558
8072
6686
944
2982
5604
7182
6068
4812
2762
5257
3262
1755
70
-1808
1911
800
-77
-5470
-5834
-5310
-6203
-7405
-9320
-10266
-10388
-7925
-7700
-6905
-9713
-12111
-9506
-9648
-8177
-6199
-5130
-5241
-4921
-3248
-5101
-3941
3517
661
3698
7268
7573
11197
14287
15675
14211
12397
5195
9992
13302
13708
10321
6403
12927
13324
13560
9556
7200
5814
5662
5779
7015
6219
1877
-1074
-2951
-2449
-3316
-1039
-3673
-7999
-8548
-7103
-7043
-10822
-10207
-11569
-14510
-17451
-15190
-12349
-17108
-14644
-14188
-16066
-11735
-12196
-12312
-8491
-5120
-1925
-1093
157
4404
11161
9452
7022
12197
12474
16565
15779
14209
14148
13111
15562
14068
16471
14863
11767
10056
10881
6842
6508
6269
3970
3612
3438
3435
-3659
-4142
-1677
-4347
-5679
-5966
-10421
-7745
-7061
-9421
-12328
-12733
-11053
-13942
-9453
-11199
-10233
-11054
-8529
-5867
-8051
-4169
-2723
-3800
199
41
-2113
4514
2976
4232
2771
770
4625
1930
3305
1941
3283
3220
6928
7656
-392
-116
1505
4180
3143
4929
6134
8984
5552
4532
5404
4194
1521
1253
2127
1993
4693
3108
-2533
-1993
2671
-1077
-1176
-677
-623
132
-599
-7355
-5846
-1832
-1514
774
2371
3209
594
5158
8334
7068
9706
9474
7279
7777
5462
5327
3188
5233
5720
2954
4077
4314
6440
2342
-223
-1965
-3948
-5102
-5753
-7604
-7386
-7598
-10372
-12295
-13091
-10036
-9777
-8071
-12965
-12608
-7787
-7466
-5200
-4548
-4319
-3266
-3682
-3806
-2518
-1106
1067
-1334
-108
-1189
-4596
1887
8200
4439
4683
9543
5773
9558
11632
7183
9846
3310
3136
7179
3958
6174
5209
3942
3402
3813
1246
-1512
-290
-834
-1669
-4487
-4741
-5298
-8279
-8219
-8508
-9419
-9715
-4056
-6777
-10268
-5930
-7449
-8734
-7426
-8721
-8490
-9732
-12746
-10654
-9668
-11297
-10782
-11552
-12387
-9950
-9547
-6580
102
1229
2364
11865
9383
10477
12075
13349
16080
15328
16135
14334
13520
11346
10755
10037
8677
11771
12446
10539
8400
5713
5242
1879
2199
-1497
-420
261
-1092
2172
258
-371
-167
379
-431
971
-1063
-1491
-217
-610
-2066
-1178
-4762
-11723
-9168
-8084
-9043
-7528
-5826
-8132
-4995
-4921
-7908
-2093
-2113
-3255
1020
3281
113
-1519
-1180
679
3112
3447
2245
1187
6849
7680
6791
5308
1768
620
4562
9348
6655
4237
7588
2819
-361
3456
7593
7993
8359
2138
1936
2902
4038
2765
2915
1495
-2946
-5433
-2364
977
223
-2512
-2492
-3394
-1736
-3751
-5913
-4557
289
396
-4283
429
476
2111
5472
3255
2186
-828
615
2252
4757
4205
693
-1087
-4875
-2942
-163
-6563
-6723
-3074
-7766
-6329
-6679
-7652
-6543
-7431
-8322
-5713
-740
691
1198
940
1428
2554
3586
-2710
-505
1091
410
748
-401
-3195
-2263
-2450
-2740
-1126
-1151
-881
-2136
2202
3420
-1831
3770
4670
-2925
4731
8617
8513
4476
856
5039
5716
4339
3093
5151
3326
3819
4359
1578
-1918
2505
95
-1493
-2069
-5753
-6132
-6637
-6032
-5651
-3384
-3960
-6509
-6816
-8637
-9151
-6416
-7356
-8910
-9533
-8989
-5878
-6652
-9964
-6443
-4418
-6552
-3059
-2578
307
-1898
2488
9184
6061
12378
9276
9559
11902
12324
12142
6525
6478
8218
12097
9717
12063
11749
8926
9430
9880
6377
1429
7070
5992
4015
5883
6259
3821
4156
2571
1293
1457
-4302
-2835
-3001
-3909
-5677
-6603
-7984
-6380
-5457
-8709
-8407
-10546
-12492
-12009
-13407
-14940
-13255
-14296
-10270
-11409
-8279
-5795
-11685
-7181
-4139
-3836
-2223
-1444
2283
3230
7432
9792
7715
10344
8299
9953
12683
12140
13010
12460
11721
11082
10893
11402
12949
11860
10944
9148
4106
3201
8299
6945
3583
3605
-3506
-2400
1479
70
1144
1090
-1003
-7121
-8328
-6579
-7580
-8434
-9350
-10705
-14747
-15365
-11335
-12273
-8428
-8262
-11654
-6944
-5161
-6959
-5215
-3310
-6111
-8108
-6060
-3679
-3510
-3928
-4471
-2713
-3821
-3387
192
60
851
139
2019
5819
3169
3304
6665
7268
5956
5421
6871
5577
6384
8270
6352
3237
6376
5318
3362
4350
2790
601
-2281
-3378
-1986
-1098
-2819
-4272
-10094
-7213
-5884
-4967
-6397
-7084
987
-375
-2735
-3979
1562
3092
3553
1115
-478
1382
772
2515
3543
7069
6127
3490
1919
6261
1164
-445
718
-567
796
-1042
-3312
-4422
-3396
-3637
-2327
-2280
-2024
-2147
-3565
-4268
-2897
1340
592
327
765
-1842
-1157
-463
-979
-948
-635
-2811
-4892
-6130
-859
2269
-10
-140
6090
9108
5670
8212
8545
6225
8313
6175
6196
8557
9847
10233
8072
10291
963
1890
7123
5691
6841
4263
3701
3473
3852
2542
1178
-2621
-2256
-1121
-1743
-1095
-3791
-6889
-7881
-9618
-13310
-12875
-12767
-16436
-17312
-16128
-18998
-19448
-19003
-17418
-15153
-14021
-14929
-11119
-3445
-5335
-210
6983
5342
6204
6701
10248
11832
11083
12762
14880
14631
13993
9902
9907
14734
14098
13702
12054
9315
8010
9518
10707
7337
5026
5732
2844
2053
2809
1456
729
1245
1042
155
-724
-5122
-4397
-6152
-5479
-5852
-8909
-11754
-12943
-11893
-13964
-17573
-16146
-15278
-17978
-13444
-10307
-10187
-10459
-7378
-3851
-5154
-2284
1234
364
1940
6192
2079
1929
6656
5733
10063
10079
8529
11124
11731
12263
11605
10388
12167
13028
10940
9666
9274
7422
7243
9971
11148
5595
3586
5224
579
806
1623
142
-7182
-7923
-6605
-8283
-8223
-6467
-7131
-9383
-6259
-7256
-5288
-4413
-141
-3041
-4905
1332
3321
440
1735
3817
-3635
-3172
1066
-73
3556
1691
-2181
-2087
-3255
-601
1487
759
-1939
-2627
-4289
-1641
-878
-152
202
-7800
-1714
2072
1802
4116
4510
3789
1860
1575
3093
-1049
952
806
-192
1494
-4431
-3607
-4294
-4341
-4037
-2866
-811
-571
-2503
-919
4744
-1734
1056
5864
1122
6854
8430
7332
6288
5744
7312
6933
9193
9179
8409
7454
6394
4226
578
844
-690
-4309
-1659
-1540
-5926
-7747
-7984
-6299
-11707
-10410
-8860
-15060
-14845
-14637
-13798
-16334
-16698
-15456
-13842
-10485
-10247
-8800
-4170
-7845
-5700
-1158
-624
-630
3433
5521
3860
9759
6569
7310
16984
15059
15325
17367
16478
15712
14502
15463
11271
14558
15620
15094
7412
7153
11201
6721
8964
6636
5338
1896
2261
3360
1924
-1072
-5277
-6543
-9961
-9186
-6737
-7549
-9393
-7873
-6923
-8939
-9827
-12248
-9840
-9018
-11270
-7956
-8995
-10121
-10891
-10179
-8002
-9817
-13892
-7546
-1910
-1494
692
-1918
2873
7399
6465
9246
9809
9476
9942
9981
9983
9545
9842
11037
10959
9381
8237
8202
6598
8492
7684
5620
5031
353
-540
-1281
-1084
-8085
-6493
-2524
-7336
-5447
-6213
-7438
-6087
-5585
-6853
-7975
-5679
-7352
-6312
-8312
-7593
-7557
-13529
-8526
-5889
-6263
-4226
-3298
-704
-5349
-5775
860
-1769
-2639
-1228
229
422
-592
-349
-1132
1082
688
2750
1280
725
4793
6180
8329
7517
6131
6497
7520
6370
7003
6186
8947
7142
5370
7193
6264
8401
6415
6182
6574
5146
4131
5057
3638
4547
2634
-6360
-1240
349
-2006
-1757
-7391
-5393
-589
576
4338
244
-1066
2495
4537
5243
2081
5133
5316
3344
4417
4750
1398
-374
-813
-1374
752
-2035
-4952
-6230
-8349
-10449
-9211
-11964
-10422
-10121
-12597
-8735
-5227
-4260
-9000
-3792
-1939
-2375
-1304
1247
2999
1373
3161
-3670
-787
3448
767
796
304
-3208
-1271
-1496
-3162
-789
-1709
2274
2259
279
5830
8208
1020
2512
6128
5872
5499
1912
4261
3565
2576
2007
-802
990
-1066
-994
-1962
-4042
-1102
-5061
-5558
843
-1850
-3825
-1282
-3710
-3317
-4884
-4018
-5259
-7942
-5394
-10609
-13958
-12586
-8352
-7113
-8760
-6356
-7925
-6735
-8195
-8175
-3823
-4247
-1685
-1420
-555
3618
6939
5361
5832
8554
12614
11831
12257
15782
13322
11591
13571
11427
10165
10341
7802
7465
8214
6585
2540
5397
7115
6632
5055
4197
4752
3276
4265
4732
4152
2942
4271
3215
-3770
151
801
-2972
-1229
-4160
-6441
-7400
-8840
-10782
-12108
-13877
-15179
-15962
-16193
-17104
-18007
-18392
-15578
-13583
-12307
-11182
-7055
342
856
-2373
3546
4408
-103
3165
8877
11273
10348
12142
10588
8134
10755
10595
11549
12157
12552
11480
11527
10475
8165
11097
11733
10076
2700
3500
5919
-1011
2746
2858
14
-156
-1395
-2437
-4322
-4797
-5465
-8255
-9408
-10739
-11519
-12935
-14167
-14167
-15568
-14114
-10582
-8877
-8362
-11501
-8878
-7249
-9475
-9246
-5544
-7371
-6972
-3878
-8320
-7208
-7550
-4423
316
1727
2957
4558
493
4276
8938
10046
13324
12655
9965
8303
13209
11866
12227
13792
11255
11776
11453
10174
9733
8781
8126
5878
5173
4331
3098
921
400
-2707
-7845
-3952
-6220
-5250
-5494
-2983
1308
-6328
-5340
-1536
54
1002
2694
5902
-3071
197
4016
-1183
2117
3563
2694
1223
1928
1086
333
1611
-21
2229
-3914
-6586
-3583
-6255
-2472
-3608
-3268
-1481
92
-554
-3433
-2472
-266
491
-573
3820
3821
1899
-990
-1631
626
-1215
288
1935
-990
-1880
-2555
-5109
-2657
3932
4619
1460
2347
8355
4825
6907
8192
4443
7779
7865
10504
6536
6846
9958
8895
8330
8510
11471
6445
1800
3905
2564
3973
3600
2405
2691
2481
1809
-103
-1641
-3817
-5338
-7543
-8603
-7679
-9333
-12766
-12963
-12325
-12240
-12891
-11670
-12037
-12806
-13066
-12026
-7952
-8333
-8758
-8505
-3419
656
-4402
843
13069
9844
9086
12748
10391
12767
10601
14334
15580
11662
12979
16875
10494
4532
10618
9527
9218
5492
7079
6794
3919
2206
454
10
-340
1465
835
-1437
-2801
-3452
-6192
-6305
-7257
-9151
-10001
-12567
-11734
-12447
-14879
-17080
-16454
-18391
-18958
-15444
-14154
-17760
-19641
-9214
-12493
-15039
-6477
-869
-6763
-2569
2139
-414
784
6174
9606
11314
13792
6855
8727
13344
14738
12053
10806
15293
10535
10451
11810
11994
11097
9394
11648
8491
5722
5480
6254
4302
6402
6226
-2828
-1142
-2720
-3001
-4044
-8799
-6645
-7892
-6653
-10036
-8127
-9481
-10497
-6384
-8482
-10860
-7373
-352
-6573
-4962
2098
-2091
-1596
5119
4493
3577
2917
15
3200
287
-588
-501
160
-2647
-6567
-829
2371
-627
-728
-4769
-1764
2020
3533
6582
5635
2394
2187
2701
5249
7374
2923
3410
6111
4823
2285
-644
2152
2335
2030
-1391
-2050
-5152
-8869
-6654
-8401
-9106
-5452
-3908
1901
531
29
1428
4513
10838
8832
3558
4211
7180
5256
7965
5562
1479
3396
4319
5315
451
-1450
-1217
-2887
-2017
-4566
-7508
-6617
-6745
-10258
-11102
-12313
-12844
-10228
-9291
-12653
-11492
-9405
-13173
-10126
-10637
-6595
-7149
-8733
-5428
-5117
-123
-3022
211
1576
3252
2705
2206
4093
5919
9192
7526
9701
10648
11765
11713
10340
14033
10768
7719
13662
11891
8165
9959
8917
9628
10242
9816
5970
5223
5074
3089
37
-3699
-3368
-3491
-4460
-6059
-2863
-3980
-7289
-10463
-8045
-8122
-11206
-9305
-13300
-15890
-10416
-11454
-13822
-12588
-9818
-13834
-12451
-5822
-7486
-6437
-4710
-2652
-117
2212
9206
5438
8681
15885
11745
12606
17066
16562
14104
16914
20662
16873
15641
14867
12894
17393
16629
13341
12672
9135
8022
2347
4310
3589
1266
1545
-3169
-2398
-2785
-3725
-4376
-3127
-4498
-7953
-8076
-10322
-10849
-8164
-8145
-8221
-7758
-10860
-12638
-13993
-14932
-11455
-14636
-16858
-12499
-14545
-7476
-5929
-12412
-7764
-3139
-2264
-1039
4207
2484
3
2288
6559
7324
6661
7671
10671
11839
10970
11237
7577
7739
9049
10775
9398
7572
8327
5662
3649
1540
1052
-1931
1307
2552
75
3008
-3475
-4583
-1344
-3469
-1373
-2285
-4370
-5316
-2820
-4760
-6820
-1444
-3618
-4238
-5752
-5205
-3570
-837
1007
-2731
349
3387
3406
4772
5340
3088
1662
1201
1588
1006
-1667
-3268
-4600
-3097
-1386
-1901
-2543
-4876
-3285
-3000
-2257
348
2723
3056
3186
2577
4315
5081
3858
2726
2320
6388
5146
2295
5634
6690
1718
2008
1274
347
2715
1095
-1431
-2343
-9915
-8758
-3924
-6468
-3184
-422
-5679
-4671
4444
846
1377
3610
4389
1488
-256
2876
502
-581
-128
-1648
310
-1595
-4948
-4423
-8210
-5886
-2661
-3112
-4056
-8170
-9286
-8640
-7354
-5026
-5964
-6918
-6228
-3111
-2193
-4036
827
1279
-1228
1216
544
1230
2185
3476
1406
-72
1818
-1515
-1070
-1201
-2258
-1553
837
4130
3903
3315
8098
10625
8913
13446
5489
4905
9064
7895
11273
4400
1998
1941
3792
4446
1079
302
-2332
266
65
-1762
1043
-64
-135
1554
-1932
-1906
-1560
-3413
-556
-2655
-8872
-6575
-3538
-5766
-5409
-8013
-9388
-9372
-9752
-9892
-8904
-9518
-11572
-12384
-10071
-3734
-2135
-1228
2146
1945
1130
6393
8788
4992
7483
7626
10569
10804
11871
12962
8034
8146
8996
11392
9308
8657
8373
4796
1875
606
5350
3989
6124
3458
51
1521
1654
1043
-2850
-1901
-1047
-3576
-5008
-5344
-6908
-4235
-2944
-6008
-8385
-10388
-9769
-9378
-10595
-10779
-13686
-14686
-12031
-12362
-15044
-14344
-9116
-13095
-11295
-7325
-4737
-5357
-7948
-3701
-348
4377
5914
7615
5492
7435
9533
10828
12834
11328
12923
12856
10572
11661
12091
9857
11969
13541
10230
10605
12700
12098
13020
7192
3231
4894
3865
2501
1462
563
-849
-2597
-4422
-6828
-7157
-7003
-9960
-8468
-8655
-10626
-11377
-12111
-10182
-6665
-7570
-10294
-5458
-7484
-9206
-5772
-5094
-3496
-6588
-2058
781
-3120
778
-3073
-2964
-215
507
-2110
-2657
3993
5944
12723
10256
7472
9369
6993
7572
8520
8295
8806
10948
10382
9751
8890
7847
6770
5193
4045
1551
1533
1397
-39
-3522
-9492
-8680
-8736
-7010
-7202
-7006
-6067
-3773
-338
-8376
-6553
3677
1507
-251
2070
3100
4536
1624
3099
5307
3640
4084
5325
5264
5811
4473
2900
-917
1030
1797
-1624
833
-21
-343
-503
550
24
784
-25
-2511
3671
5841
4686
4736
4849
4830
5144
4389
3049
282
-1612
-826
737
1835
-420
-2981
-3195
-2058
-1555
5404
830
504
8391
4966
6940
7532
3994
5909
3468
11213
10462
10622
5890
8675
6328
3151
5242
4980
2525
3488
1871
-665
235
1190
-2313
-3325
1643
503
-5075
-535
-2555
-11436
-11485
-12350
-8007
-12527
-14484
-14015
-14191
-8784
-13011
-12694
-14953
-16059
-5368
-11494
-9265
-6428
-6075
-7539
2434
4083
3295
6094
14298
13214
11063
15081
17038
15020
13928
19099
11174
12968
16083
14787
13626
7437
8637
7040
4815
3297
8742
3986
2690
2479
4070
612
1051
-1555
-3230
963
-3921
-3869
-3350
-2460
-9133
-6499
-8068
-8133
-9360
-11195
-11670
-15492
-12995
-15524
-17854
-14624
-16536
-12870
-9737
-12089
-4609
-467
-3764
248
1926
7199
11338
13129
12455
8891
15785
16864
16948
16753
14678
17202
18936
17579
16292
13722
12164
13045
11190
11055
7403
5607
4496
1210
3531
1686
913
1453
-1346
-1954
44
903
-2438
-3491
-6648
-7072
-6247
-8244
-8193
-8687
-9151
-9552
-8781
-9789
-9849
-7302
-6390
-4915
-2795
-4003
-5955
-105
-5322
-5299
-1635
-3644
3401
1872
3803
5501
5089
6677
5493
4893
8782
11323
10547
11077
6414
4745
6180
7583
8302
7510
7354
5832
2529
6921
4351
2586
5725
2697
1652
199
-2460
-1545
-3512
-3930
-3096
-5270
-7253
-7756
-8527
-7325
-6853
-4588
-2034
-3183
907
4667
-115
-2659
5473
2695
1306
6469
3928
4302
2909
3276
3271
-700
626
325
3910
-3747
-4838
335
-8111
-7728
-7513
-8371
-8628
-6103
-3089
-2395
-8059
-493
1858
459
1156
-6104
2370
1403
-2447
-658
-238
-535
-248
-1472
-2837
5115
3285
3542
2564
3883
3450
4322
4178
-595
7960
8852
7275
4140
8303
12414
8404
10334
11363
12943
5923
6193
10982
4287
8915
7120
2621
2790
1483
533
-2599
-3649
-4176
-5687
-3757
-5706
-6518
-7252
-9127
-11806
-14192
-13976
-14003
-10082
-11541
-11475
-7190
-7070
-8415
-7613
-1173
-1504
-452
886
-3644
1556
3601
131
5701
5956
3102
11521
13212
8899
12001
17769
16672
15083
18355
16790
17506
16434
12697
13271
13217
13182
12587
11942
8967
7068
7068
6017
5472
4100
3701
1519
-1174
-2361
-2879
-4010
-3903
-6410
-6604
-6988
-8154
-6283
-8498
-7926
-10559
-12951
-11591
-11787
-9622
-12045
-9634
-13366
-14525
-11680
-12641
-8690
-6559
-5995
-2484
8249
6021
5128
15423
10664
14299
16092
17126
18755
16985
19578
17676
17876
15743
15187
15646
12719
11254
13544
10013
9752
5079
-1269
1255
3573
-1643
-518
-3224
-4087
-5743
-85
-689
386
-208
-842
-6475
-7017
-2472
-3555
-2741
-7064
-8249
-10928
-11944
-12911
-11160
-13785
-10867
-8913
-5026
-6901
-6821
-3636
-6392
-1064
-1422
-2971
1967
3608
3755
5819
2381
4589
5878
8625
11952
10819
10228
10002
9868
6937
7907
9636
9266
9046
10130
9060
8242
7051
7000
7749
5428
3818
5434
1771
3011
3210
3904
375
-1806
717
-3235
-4369
-6106
-6471
-5433
-4054
-5944
-6395
-7044
-7109
-4555
-4085
-2113
-2429
-1873
999
-721
-687
4560
1356
2228
-3516
2245
100
-1178
-935
-905
-2443
-3764
-2477
-1359
316
223
-1185
688
5649
6411
7569
9909
7624
9677
9084
9548
9437
11489
10254
5472
9528
9735
8022
8197
5497
3515
4317
3571
2995
-2876
-2619
-78
-2847
-5711
-3759
-4980
4763
-1932
-2872
7385
5871
6049
6851
7208
6905
225
1413
-372
-1222
-1888
-425
-3508
-3220
-2016
-6352
-4730
-560
-5940
-2213
-3140
-2816
-2898
-2747
-3636
-2789
-737
-1854
-4023
-315
377
2972
5018
4579
5675
4171
5739
5069
4108
-512
-2231
-1870
-527
969
-367
-995
-537
2935
5433
5513
5673
8619
8853
5029
9319
9015
8017
6912
8056
8479
9062
10411
5229
4973
7029
5325
5525
5387
5425
5277
3258
3768
3777
3684
1757
3227
-2753
-3407
-237
-3057
-2556
-2827
-4737
-6717
-6749
-8059
-8854
-9268
-8365
-7795
-7073
-6746
-7559
-5780
-3982
-4199
-2155
-584
-1041
2949
5714
3249
5194
10683
9421
11222
13567
9770
10376
12417
12944
13539
12044
12197
13765
7848
9577
10884
8400
10262
8438
9798
7966
9058
6860
4486
8986
5601
5853
4585
1638
1777
1245
1219
-3087
-4231
-5641
-7526
-7698
-9364
-9146
-10691
-12986
-13088
-12932
-14037
-14902
-14919
-13601
-15545
-11311
-7156
-6707
-6461
-3017
-2054
2319
7731
7228
8716
8035
13163
12149
12223
14352
15678
15944
17548
17734
17569
17475
16288
16446
10276
14388
13927
14142
13337
6808
7123
5141
5300
3269
1592
580
60
-706
-2035
-2628
-4549
-6807
-6409
-8762
-12005
-12860
-14165
-9938
-16182
-17033
-10737
-10671
-13249
-6709
-15844
-12563
-3455
-3346
-6336
-4440
-2989
-3737
-3504
-2074
1595
1256
4477
5969
5874
8924
11434
12966
9538
8327
12010
9541
10172
9725
11101
10999
11023
10273
9573
8290
7114
8412
5728
10575
2821
4542
1094
-5007
-1120
-3108
-4376
-6338
-7303
-6692
-5886
-6971
-9426
-11892
-9953
-9802
-9433
-3745
-11601
-8049
-895
-836
2171
4337
4626
3626
2065
2502
1931
2844
-1913
-3141
-1361
-4716
1429
444
797
-402
214
1734
343
4320
-3356
-131
7646
7407
2946
3956
4677
3678
3383
3195
4718
4023
2439
4394
1534
796
700
46
87
-1981
-2147
-1994
-2928
-6390
-5190
-3967
-140
474
-1060
8098
7698
5508
10796
9133
7420
7701
8635
9317
3631
7491
8213
4608
5340
5090
4764
3875
5110
2653
1368
-29
-1689
-316
-1714
-1859
-3725
-5108
-6123
-7494
-7260
-7509
-9081
-8894
-10110
-7049
-3450
-4707
-1299
-4122
-5599
-6029
-2152
-1053
-3818
-3609
730
1608
1469
9344
9893
4065
10448
15272
11423
13683
17489
10474
5667
10292
10173
9454
11815
12346
8297
6736
7572
7261
4024
4808
3696
1598
1939
-1471
2824
-1949
-2972
-880
-3419
-5051
-6902
-8153
-9781
-8423
-9413
-9306
-11787
-13175
-15529
-15942
-14710
-15354
-19841
-19667
-11776
-15458
-13119
-11765
-4566
-809
3490
5867
-1533
2598
8798
15874
11408
15503
11173
13476
14932
14680
12279
13471
13005
16246
10089
13018
15264
11535
8413
10943
8634
7016
7674
5336
5501
-194
-1752
-2123
-3047
-3822
-3226
-4352
-1032
-2717
-10622
-11961
-7209
-12019
-12009
-9711
-15726
-12850
-13877
-15296
-10233
-11073
-11409
-14749
-8677
-8218
-8915
-1640
-9254
-2289
6308
1732
6258
7509
9677
12633
14194
16712
10914
15274
16490
17171
15956
15535
15797
15184
14357
13949
12072
10557
8056
5941
8124
4597
6583
2542
-964
2754
1283
214
-775
-441
-3487
-4121
-3129
-230
-3240
-4629
-5249
-6250
-6552
-5712
-8313
-10849
-10113
-6335
-10538
-7028
-3822
-3589
2038
3574
724
-3382
-890
1383
364
1589
2775
2557
2371
2961
-1896
3363
-3100
2483
6295
6881
7405
8283
2364
3111
2042
4200
2732
2440
2386
2323
2561
3926
4853
1216
-505
107
478
-1267
6181
3365
904
2279
-5039
-1981
-965
-123
-3856
-6161
-2345
-3026
-745
1645
1184
1940
6416
4286
4988
7678
6930
8140
7464
6189
6906
5826
3383
3079
1731
1134
-903
-2917
-3694
-6629
-5374
-5987
-7687
-8569
-7312
-6925
-9803
-8568
-4117
-3069
-177
3537
1806
3193
3688
6003
7297
6791
6463
5526
6552
8139
5085
1651
5326
4235
4043
5510
3965
3505
7954
7492
2325
9418
9053
3913
8875
9720
7766
6669
6971
7522
6152
5515
3094
2717
2463
731
-978
-1738
-3814
-6488
-7635
-6964
-7758
-8410
-7426
-9741
-12262
-11853
-12238
-15091
-15280
-12849
-12407
-11049
-10264
-10107
-9236
-5859
-3750
-7116
-561
1110
-900
3228
2869
2315
3772
6599
6910
5344
9601
11037
6163
11402
13663
9823
13721
14530
12625
9064
10132
11385
8235
7806
6845
6505
3810
2573
-26
2357
-2736
-1590
-1067
-2195
-6506
-3443
-5573
-8534
-6429
-2501
-7360
-8586
-6481
-7920
-9456
-9376
-5097
-15051
-13524
-13384
-15151
-13470
-16143
-15274
-13936
-14073
-11411
-9993
-12938
-7990
-5350
-1917
2610
-249
1903
9903
8658
7613
16870
15861
10970
11347
14910
16718
15835
14365
13514
11026
8029
8579
9028
7369
3202
3925
2427
2568
3019
1740
292
2647
1829
1178
241
-861
-1546
-7481
-5622
-3369
-6115
-2925
-7871
-10248
-4671
-6294
-7882
-7037
-12763
-8681
-7390
-9056
-9292
-13862
-10872
-6609
-6371
-6216
-2739
1826
1171
153
94
-2961
728
5536
9193
4156
6596
6766
7273
13922
5656
10683
10810
9534
11213
12805
11172
13118
11814
11193
11576
9903
10326
2722
1833
7575
5165
5054
4851
3622
2071
1288
-157
-1695
-4629
-2716
-6062
-7486
-6428
-9034
-12154
-11411
-12101
-11249
-4811
-6384
-11081
-6202
-3163
-1705
-2329
1321
118
-4836
-4353
-8532
-6576
-4062
-1307
-2936
1587
1233
-1807
3134
5156
7465
8656
10392
9705
9023
11710
10890
7591
12775
10370
10279
10827
10025
9098
9801
7478
2846
6234
4510
5682
484
-273
-450
-3201
-1171
-3710
-3949
-4059
-2801
-3934
-1979
2002
-812
-441
7614
5764
54
2371
1806
3102
3987
3065
-752
1905
2898
1622
271
-872
1330
648
-830
-1030
-804
-478
-3113
-3013
405
748
1484
206
1531
2903
5713
5605
6068
6061
4644
3882
3594
4229
473
5498
898
-673
-2974
-2230
-4251
-5466
-5164
-4507
1015
2485
3557
-284
-272
5681
8593
5105
4620
5372
2873
914
3958
2828
4195
4620
4037
3157
1356
6892
7008
5972
7149
1026
2991
3966
977
1190
138
-1144
-1916
-1899
-8813
-8833
-10665
-11652
-10749
-10761
-10995
-7393
-8741
-9919
-6805
-3391
-4640
-3922
-4405
-5730
-6094
-4657
-3702
-3082
-1876
115
4129
3886
6391
10069
7118
8855
13336
13665
12348
11268
11719
11458
12626
12536
11025
8664
9987
5748
7111
11068
8989
9903
9667
7525
5614
3708
2263
1308
-868
-1650
-1220
-3556
-1197
-2094
-4329
-5967
-7244
-8287
-13380
-15611
-11795
-13031
-14764
-21275
-18820
-16968
-16542
-18672
-15409
-13401
-12672
-2214
-1772
-2988
2206
4281
6157
12128
12269
12250
15433
13813
14758
12317
16326
15254
9712
15460
16530
13852
15713
16053
8823
8948
11609
8615
6878
6040
5362
4085
3444
1462
-58
8
-3631
463
-6572
-7390
-9376
-5257
-11414
-13456
-14925
-10410
-17432
-17574
-17351
-16850
-18032
-19467
-20696
-20129
-17346
-12115
-12446
-10325
-6233
-2555
-3724
-1198
-1535
724
6311
9997
5434
10811
14929
13217
12172
12500
14660
12919
16615
18493
15926
16119
14705
14267
15103
11104
11130
9748
9872
10963
2078
3400
5904
912
-433
-713
452
-1653
-1248
-4607
-7973
-7870
-13458
-10480
-14878
-15717
-9053
-12891
-10773
-7235
-3531
-7153
-9148
-901
904
-2503
590
4254
-783
278
1781
1235
3331
1915
1454
4308
4825
4119
2822
4623
9675
10711
11082
9437
9700
10983
10694
11506
9650
10210
8425
8131
7504
8372
7994
5873
4432
985
169
-389
448
-4302
-8806
-8336
-8140
-7347
-8735
-8581
-9970
-9489
-7626
-1202
189
-856
468
3705
2751
-1804
4445
5048
4456
3414
1172
3044
4003
8718
1162
3931
4070
-368
70
-1273
-4599
-5571
-6414
-6783
-7997
-5318
-5720
-1367
-4682
-1864
1197
990
3855
-1305
3405
-2918
-709
3402
-1168
8
-726
-271
-663
2522
3111
-1868
-2598
-2007
2353
257
2637
4379
2177
-2647
7371
10714
5555
6527
8134
8358
4878
5481
6670
12080
12220
9103
7254
2934
6988
6280
4676
4263
-1713
-3404
-4114
-7477
-2451
-3583
-7428
-8748
-9947
-12281
-14274
-10358
-15059
-10953
-11163
-12355
-14314
-14265
-11785
-4769
-5105
-4538
-3432
-3271
574
605
-364
-351
629
-663
5756
11614
6474
6287
10168
10177
9646
12488
15934
15585
10096
3915
8434
10156
7869
7063
6364
4998
4399
6515
4380
4967
4627
2661
1264
-367
-1216
-3568
-4980
-6814
-7597
-4855
-6646
-6907
-7392
-10871
-7640
-5953
-10418
-9772
-8936
-11463
-12042
-11946
-12257
-10186
-7712
-10788
-10269
-11908
-9714
-869
2030
3477
6559
8337
8252
8806
9882
11476
13261
13052
12445
11036
11419
14601
13856
10731
13719
12675
12816
11934
6378
6302
3800
1317
965
-1645
2054
-1153
-825
-2563
-4500
-4388
-4613
977
-5929
-1938
-5842
-7323
-5855
-6618
-9053
-9595
-4404
-13088
-15429
-7074
-9007
-9236
-12352
-9952
-13427
-9914
-6135
-11933
-8454
-2175
-297
3634
227
3724
8139
8837
8993
9246
12681
12511
12899
12290
11833
14119
12773
12683
11810
9342
8496
10865
10202
10769
7373
6534
7890
5206
3578
5120
6325
3349
4505
3741
3512
3531
4506
684
-1208
1758
-783
-2838
-1731
-3808
-3797
-3691
-5568
-4630
-3701
-3083
-3202
-3566
-1850
351
-2826
-833
-955
116
-924
-4243
-3016
-3641
-1156
-1265
-3597
-6853
-6485
-455
1100
-1233
1263
5218
3291
3402
5916
9062
5591
7938
4722
6154
5578
10049
10249
10782
11660
10100
5396
8142
7972
3128
4993
3208
1800
-4319
-3982
-5162
-1299
-1616
-1689
-296
1462
2886
2324
1902
2950
5696
4510
4467
3903
3512
1686
-3732
-2529
-5385
1643
-511
-4206
-9642
-9216
-10665
-11573
-13276
-9177
-10658
-3624
-2466
-2817
-4743
-1067
3274
7122
6361
8455
2886
5621
9402
9874
9328
11100
4154
4662
8197
9396
7904
473
6395
4244
6043
2793
-2004
-3671
-4812
4713
-726
-3980
3004
4783
3385
2431
3602
2343
2955
1681
142
-1038
-436
2937
258
3143
-1580
-1008
-1122
-5310
-2239
-5105
-2547
-3697
-6282
-4314
-5764
-7801
-5402
-8759
-6519
-2579
-3339
-1165
-1505
-3901
-4192
1980
3056
2693
4327
2961
3300
1630
2706
4055
3715
4946
5673
5662
6303
8468
10332
6221
11644
15536
9646
14390
8265
5879
10175
7896
5041
6668
8042
1815
6023
5491
1863
3985
2197
2670
2091
1924
1882
2085
2380
-1030
-4174
-1497
-4044
-4938
-3090
-4452
-4641
-4557
-4161
-6650
-7745
-8138
-7868
-11407
-11185
-9107
-10748
-10090
-11041
-12437
-9778
-4660
-4968
-4748
-2492
1441
2388
3647
9487
7323
7982
11795
8135
13729
12066
11479
15645
11935
13818
13384
14357
12771
8749
9525
9851
10676
11418
5791
2894
6209
5827
7073
2734
1166
2187
2404
1162
2822
1778
-2417
-3207
-6253
-4528
-5857
-8776
-10151
-11989
-10587
-11846
-14317
-13802
-15165
-15674
-14599
-11809
-14319
-13488
-5702
-8696
-10980
-4733
-3508
-1456
4421
9149
7443
5016
9671
10882
11937
11406
11967
14754
14077
17199
13982
7966
12843
11320
11204
12180
11498
10382
1628
5379
4056
1707
3278
871
5259
-2078
-44
-1679
1720
359
-1244
-1117
-3896
-10369
-10278
-12076
-12435
-8353
-14878
-14506
-14861
-14673
-14982
-12393
-5471
-15471
-9715
-5940
-8253
-6227
-8142
-5398
-5885
-2626
-657
-966
4568
5923
5347
7991
12236
13299
13321
12817
8857
10067
8213
10726
9020
8216
8345
8764
8732
6836
5732
7400
5630
2633
4898
-929
-1242
-1917
-4319
-3904
-7629
-2143
-3572
-4404
-7038
-7137
-7343
-8605
-5469
-5905
-13236
-7104
-2409
-8466
-5015
920
-2628
234
473
948
481
-581
5138
1068
-1099
-1184
-203
-2506
-841
232
-2570
2276
-2196
-4706
2095
5587
5318
8305
6119
5896
7631
7126
7802
6016
7319
6993
5475
1561
2729
1955
1409
782
-2908
-3303
-2908
-5506
-10891
-3901
-7680
-9540
-3153
-8573
-2213
1092
744
1735
9625
9999
6966
5711
11234
7087
5271
9487
4076
9453
4149
2285
19
1588
1268
-1124
779
-5036
-5099
-7232
-6499
-5967
-7841
-12114
-12576
-6417
-7083
-6613
-6232
-6030
-49
-500
-1859
2153
-1556
-2091
-1676
-703
-812
824
-436
-1066
1249
-316
-780
3540
3944
3986
7220
13280
8233
4493
16858
10403
9734
15609
14801
13188
11605
12370
11597
10182
6332
5664
5600
4065
6207
5502
2417
-154
-700
-3113
-1050
-6348
-5758
-5427
-5359
-7800
-8399
-11950
-16058
-14754
-15991
-15180
-13962
-14261
-11015
-8013
-11335
-12222
-5735
-4257
-3127
-2439
-2946
-942
-1127
1939
4796
6985
8695
7186
6528
15315
20204
15903
17433
19526
18922
20456
19615
13275
14583
16713
13903
14359
13167
11423
10618
9847
8119
7358
5602
5154
3500
1269
-971
-998
-3002
-2013
-3988
-7854
-9367
-13328
-11585
-10199
-11524
-12925
-10212
-12093
-13301
-14462
-15569
-13648
-15011
-13366
-12984
-10533
-7817
-7545
-10454
-5841
696
4979
3210
9370
12019
13022
13912
19336
20363
18641
14501
15075
13286
16093
14305
12338
12160
13097
12324
8786
2697
3893
2399
2759
6149
4475
3178
79
-8
-1669
-1568
-1585
-2158
-7391
-4338
-4884
-9807
-8537
-10017
-9019
-10522
-10149
-6830
-7419
-11746
-8650
-13475
-8129
-13508
-14121
-11134
-11495
-7315
-9428
-6011
1782
-4446
4741
3185
2531
7175
7439
8552
9003
11311
9887
14850
10566
10058
11254
11185
12475
10146
10761
8201
8330
6402
5165
4911
3608
4647
-4041
1629
1496
-986
-1144
-4027
-5792
-5407
-5321
-663
-3740
-4968
-2795
-8426
-8737
-6250
-8021
-6950
-8176
-5657
-6482
-5161
-409
-5331
-2321
-2020
1482
1106
1307
1765
480
-3715
-1566
2302
620
4050
1789
2318
3434
3632
6883
3390
3920
4338
2959
5292
5942
6214
3908
1268
4858
2303
1273
2333
3960
3223
1993
3074
300
6302
2510
330
-283
2581
-2871
328
892
-2226
-1433
-515
-487
-4893
-6786
4014
4748
-1559
11
3654
-1445
1895
1053
-878
54
-1944
103
-1001
-723
-1030
-2093
-688
-4708
-2812
-6265
-8806
-3561
-5854
-2391
-5144
-4151
-752
1733
2767
2047
3910
4599
6393
7947
7946
9992
9431
5119
8813
7745
4788
7453
5233
4138
5786
4419
4911
3287
-3054
1080
2425
2777
6920
6613
2565
7459
10235
7051
8361
7461
7274
3274
4231
6139
5734
6723
4250
746
-910
-1116
-2146
-3299
-6156
-7639
-6935
-8867
-5434
-10316
-6035
-12267
-11574
-11736
-7439
-4278
-4006
-8479
-1979
437
-2480
1287
456
-1103
1856
-654
-97
-1313
-926
1920
-460
4625
-377
990
4651
4746
10736
7168
6369
8505
4488
8807
12031
6166
4121
9368
8502
7972
7903
4102
5022
3555
-1413
-366
6618
3586
4624
3247
2017
1953
2177
976
-241
-1093
434
-4453
-6296
-2270
-10392
-9170
-8655
-11985
-13626
-12383
-13124
-12959
-11278
-13008
-12379
-6701
-7296
-4456
-2991
-3264
-4073
-3090
1816
1482
5672
3855
8329
14822
12930
13849
14126
13147
13042
12312
11937
13142
8779
10911
14134
9740
10349
11742
10563
10369
11051
8522
7707
7352
7555
4896
1294
4642
2426
1392
2723
-484
-230
-770
-1813
-3502
-5611
-5828
-7575
-9372
-10016
-11502
-12153
-13070
-15007
-13623
-15012
-14405
-10670
-9946
-11751
-5069
-914
-5725
158
6007
4556
6577
8530
9006
8012
5257
12235
12165
9431
18380
15591
16054
16141
10109
11030
8226
12035
10692
5196
7297
5560
5567
4839
2184
7797
450
5397
-91
-710
-2091
-4674
-6655
-7462
-7859
-7811
-9725
-12892
-13546
-14650
-15852
-12187
-14336
-14025
-14872
-15356
-13003
-18758
-10738
-17027
-19059
-13475
-7481
-7918
-6072
832
5500
2878
4193
7618
9287
14010
14363
10897
16456
19048
13143
12128
15067
18141
16501
17527
15623
10706
10962
10579
7711
1074
10752
4069
4509
3330
387
-438
2208
966
-459
-6593
-8207
-4357
-5601
-7358
-13125
-12933
-11664
-14981
-17451
-11916
-17458
-11960
-7925
-11402
-13027
-6148
-4652
-6207
-5653
753
-183
-3136
-2816
-880
1778
4287
5129
-4015
5109
9726
9384
14938
14477
13563
15574
15478
14242
15106
13911
14472
13896
13577
11905
10889
9423
8731
7368
7147
4138
-121
3296
-586
70
-2637
-3300
-4402
-6910
-8164
-8715
-8271
-8744
-8338
-9665
-5425
-2784
-6218
42
4570
2149
2768
3850
4938
3705
5890
4240
-412
3902
3224
1068
510
-33
-1360
-4299
-5270
-2849
-12
-746
-1006
1309
3731
3823
8251
2549
3226
8946
3920
2586
2554
2501
3825
3416
1938
2190
-55
-2203
213
-4343
-5611
-5050
-11357
-2754
-4191
-5152
-3184
-2659
635
2705
4107
6046
9183
2193
4402
3014
4852
9780
9054
4687
5004
9621
7221
7613
6407
5740
1759
-568
-1394
-3929
-4707
-5593
-5588
-8407
-10567
-10116
-5655
-5843
-9321
-5364
-8112
-6967
-1143
58
-354
-456
-19
-1545
-1069
-37
1155
-93
-605
-726
-980
2103
116
3338
3847
2459
11229
2454
7140
14528
6407
13764
13476
11348
12262
10373
9583
11834
11646
10847
9241
5609
5149
6788
6941
5812
3284
645
-2354
-1945
-1471
-2451
-4138
-6518
-6852
-10804
-11675
-12141
-12750
-15373
-15958
-13243
-14434
-12422
-15121
-11983
-15734
-17264
-5946
-5189
-3101
-479
-1919
261
907
3400
3988
6968
2854
1032
12990
15891
9617
17008
11287
14283
18305
9829
11597
12482
12086
18173
15215
13822
11125
11600
11099
9908
9020
7889
6769
4969
4164
2168
1776
1096
-150
-1429
-3577
-4802
-7228
-6670
-7291
-9614
-11031
-13066
-11482
-12528
-12518
-12780
-13981
-14442
-14386
-14026
-13656
-8958
-14801
-11212
-4218
-643
2527
3416
6691
8351
12583
12806
15574
16852
16064
15490
15821
17607
15734
16063
13910
14462
14119
5377
8703
8184
6094
5949
5376
4394
1866
2254
-1264
2118
161
-3869
-2124
-2553
-6795
-6184
-5234
-4164
-11360
-5987
-8335
-6379
-7389
-7094
-13701
-15190
-11832
-19309
-10489
-11894
-17646
-15337
-15002
-7835
-6316
-11447
-4698
-2081
-2229
310
7654
9806
10559
10928
9328
13212
13150
14221
17281
16159
12934
13973
11407
12503
13315
11942
12293
9066
9192
1797
2520
4864
3120
623
1687
3050
-3143
672
995
130
-1888
-1346
-3255
-4312
-4379
-9939
-5904
-7273
-8268
-9339
-9375
-12775
-7440
-11120
-6960
-1991
-9315
-11418
-7084
-359
-6754
-6351
-3656
-29
-7814
-3282
-1862
979
-365
-636
5690
7555
11042
10823
10099
11347
8391
8377
9944
9102
7807
5563
4129
9434
7113
7684
7678
8879
9833
1285
5072
6623
5792
65
168
1340
-3734
-2383
-2765
-7498
-6851
-3717
-5048
-8845
-8371
-8388
-8054
-1878
-7138
-5332
-38
219
-1291
937
-813
-3079
-1220
-2874
-1753
-4624
-3989
-4151
-4101
-2972
-4782
-4081
-2620
-2951
-4559
-2378
-561
1068
2983
2682
2775
9531
10400
5295
10554
9077
10561
6475
7239
12146
4239
6709
5147
6846
6650
378
989
857
536
226
-1144
-1672
-462
-1257
319
5852
-74
-1268
5324
919
1960
1672
2257
3914
-1231
-958
1235
361
-347
-1374
-824
-2547
-1172
-2699
-6485
-8962
-7574
-7681
-9604
-8265
-4226
-7654
-6533
-6607
-1400
-3183
-4017
814
4927
2350
3710
3130
5408
4379
5831
5217
3476
2694
556
984
412
3760
-2727
833
-1113
-4048
1368
4639
234
-1427
5561
4903
3372
7188
7823
7075
4368
1589
1911
2463
686
693
-2796
-3837
-1055
-2358
-2249
241
-1393
-3713
-2732
-2197
-1047
-2211
-6555
-5660
-4505
-4165
-4369
-6139
-3772
-4448
-2375
-3754
-5758
-4695
4120
-695
4714
-176
-272
2312
2564
661
1326
1685
4208
4274
3692
9709
9498
6156
12622
11730
5704
3133
7916
4445
4419
10081
529
5792
4252
5010
6441
4993
5170
4848
2444
3620
7059
6837
-2187
-2409
4359
23
104
-1036
-2883
-886
202
-3033
-6399
-7097
-7444
-9675
-6935
-9621
-13469
-11707
-14633
-11973
-11241
-11989
-10448
-8840
-6968
-4679
684
-1723
1119
7012
3274
4080
9908
9099
9630
12211
11429
10268
12517
13165
12720
16665
10086
11945
13177
11504
13429
13249
11545
5071
8183
6819
8389
9339
6738
5161
4857
3697
-95
892
129
-1211
-4416
-6361
-6326
-3700
-9922
-10008
-9158
-9191
-13556
-15773
-17586
-21048
-15961
-20973
-20587
-21326
-15445
-12202
-14695
-7387
-6580
-1664
1751
3790
4490
7526
5657
7544
13319
15402
11438
15515
19055
12488
14668
10863
11916
14965
13843
12255
6691
9645
12744
12687
11401
11354
3953
2567
4332
4278
3781
-382
-1648
-3071
-4648
-5294
-2198
-5277
-3860
-5672
-7677
-8707
-16410
-15423
-17956
-18347
-20213
-21654
-21112
-18026
-16644
-17661
-13208
-17792
-9464
-7374
-5622
-3189
-2786
-3758
6115
11159
12674
13405
11287
16651
16496
15053
17729
18197
11509
13533
14739
16663
16000
9142
12087
9815
10019
5185
7061
6020
3098
5302
3031
-655
1566
-1659
-1784
-2037
-2841
-3170
-4311
-7008
-9978
-12606
-11194
-11116
-13139
-13775
-11131
-13101
-12344
-7035
-9635
-8820
-4692
-4226
-5064
-961
-1578
-4176
-6385
-3066
-1424
-1507
5905
1974
521
1399
4126
8187
8908
12568
12119
12585
14344
13731
13747
13893
10768
11156
10600
9062
8219
8424
6138
4787
8052
34
306
2195
-2042
-3124
5180
9318
6930
8330
12230
10825
10612
15086
13749
11496
12497
14856
13594
8924
11878
7863
9953
11022
4758
7615
-1468
5124
8261
468
4367
4245
4056
2155
4550
3208
501
1726
-651
-195
-4032
-3672
-2679
-5053
-5146
-7970
-9483
-10494
-12186
-13844
-14753
-15743
-15964
-16612
-17461
-15826
-14672
-14057
-9368
-8607
-11449
-7028
-4011
-3535
-1595
-3290
-1694
3320
2042
2495
6059
4394
5514
5750
5289
6053
9132
7041
7703
7266
6255
8796
6917
6652
5732
8027
7322
7055
-123
-898
2836
1759
195
-2007
-175
-608
-214
-1336
-3998
-6374
-6255
-7017
-7907
-9425
-9049
-9780
-9257
-8876
-3524
-1429
-9396
-3097
-1860
-3249
150
-211
-2206
-5548
-1472
1200
-684
-1666
-6273
-4419
372
-2925
-4194
-4836
-3231
-1310
610
2040
1956
1141
1161
4578
3123
4687
9096
8783
8641
8412
3636
3219
3512
7412
5639
4313
3338
1540
94
-1591
-408
-3816
-2948
-1702
-3524
-3967
-2292
-127
3055
-2407
-1411
1719
-598
3970
4027
3286
1507
4724
5295
5711
8808
5041
5494
3688
3185
6761
7681
4995
5210
4767
2907
1069
-4643
762
722
-712
-1271
-4630
-5471
-6034
-8134
-9744
-9515
-10548
-11530
-11902
-12114
-13171
-11749
-11380
-14431
-15231
-11917
-9843
-10349
-8333
-8517
-5019
-67
-1866
-2386
5634
10054
6454
10750
11675
5845
8691
12419
10086
11974
13498
11040
12075
12286
13919
14938
11219
12256
5136
3802
7658
6199
8469
6951
6010
5293
5752
4958
3421
3610
4670
4608
178
-932
-1693
-2975
-3480
-4770
-5939
-7447
-7694
-9431
-10419
-9370
-10486
-11500
-12581
-11521
-8972
-14033
-14354
-1558
-2572
-3665
824
-1347
-2191
-2085
188
-1895
1204
6134
5691
8690
10460
10203
8336
3167
6178
6553
6933
8638
5605
7109
7439
5561
6132
3922
3052
5289
2271
1125
341
-134
-3073
-2558
-4508
-8935
-7811
-9945
-9365
-9725
-12113
-12695
-13545
-13599
-10485
-13882
-9008
-4905
-9900
-7393
-1446
-2006
-2745
843
102
-1487
339
2021
568
1049
1547
3475
-361
-4759
359
-1195
-3823
-2860
-3902
-4509
-4897
-2844
-1024
-1885
143
-3404
-5319
-1062
3791
3743
2278
3211
1505
199
1440
1121
-36
-2417
-2273
-837
-4864
-3585
-3357
-3996
-5255
-1057
-411
2320
6166
3215
9479
11879
10718
8305
11132
11768
10015
13451
13638
15669
11109
6866
11605
11901
10053
12065
9279
6756
6961
5372
4797
3209
-2428
-4229
-4041
-6623
-5228
-4957
-7040
-4266
-7110
-7773
-9921
-9470
-8819
-10915
-9926
-12450
-13828
-14535
-14603
-10923
-12045
-11895
-12128
-10505
-2923
-2892
806
3050
-2651
8959
12696
7195
10312
14185
12098
15614
14679
12485
17210
14524
13897
11788
10461
9914
12285
10383
7971
6273
5587
2790
-2752
-164
-1106
-746
-2391
-2050
-3387
-5751
-5772
-7322
-6266
-7825
-5967
-7681
-10869
-11093
-10322
-10939
-11125
-13712
-15548
-14504
-12803
-13249
-12549
-9463
-12206
-6452
-2967
-10554
653
3955
-3987
6713
2369
2409
4452
6822
8078
6915
9798
9083
11074
13552
15211
15172
13013
11424
10314
9544
8317
7947
8697
6613
7629
7041
6021
6893
4206
6779
4711
2836
1276
-2982
-1953
-2469
-5618
-4658
-12858
-14244
-7787
-9274
-11043
-9852
-10519
-11062
-7470
-7963
-1635
-5206
-4416
5226
-3071
-3486
4221
3600
2718
2425
1046
2238
3357
5334
1009
1340
2327
-392
-506
-3428
-4030
-4988
-5797
-6591
-7726
-8818
-9640
-9759
-7851
-8263
-8573
-10232
-11882
-7923
-5689
-5796
-5521
-7722
-7605
-5611
-3587
-4957
-5025
-4159
-6600
-4195
-3737
-3911
-3066
-2406
1431
6683
1978
2394
12927
11943
9950
12009
10580
9018
9679
8834
10399
8908
5605
8657
9992
7780
8360
9842
8514
3612
1961
2934
2949
1045
-1826
-3563
-5585
-4247
-5055
-6221
-7976
-9022
-9159
-8358
-9143
-6590
-7158
-9082
-8644
-9059
-9305
-10089
-10115
-9748
-8626
-6675
-4790
-4995
-8341
-2484
4319
3602
8267
11141
10508
11466
14158
13404
13757
15417
14960
16657
16459
14969
15922
15917
14595
13092
11162
9711
8677
8773
8717
7591
4505
-567
-271
1350
1960
847
-925
-1328
-713
-1336
300
-876
-3238
-2566
-2679
-4388
-4054
-4215
-4161
-5220
-5996
-4939
-10337
-7982
-4905
-8912
-3343
840
-2754
-5205
-361
-1482
-3392
-1267
-316
-312
-2399
1194
3383
3220
4161
3314
5436
7647
3094
4802
6125
8019
7504
5480
7375
4925
5813
4861
3718
6672
7992
9791
5113
2921
3592
6416
6271
6659
5460
4956
5243
3499
1577
-4114
-9095
-6847
-5958
-7359
-5592
-5695
-6736
-1757
-810
-4713
855
3626
-122
2460
3314
914
-1451
-924
641
162
-1965
-2220
-2838
-2811
-2911
-4858
-8492
-10044
-10110
-11705
-9983
-11295
-10059
-12738
-13475
-9286
-10326
-10519
-10170
-8745
-9608
-6345
-2928
-2065
358
49
1912
451
-4098
-1195
-433
-1469
-1164
-1141
244
249
1418
-793
2187
6492
1346
10467
11693
10962
12460
9667
9881
4932
8848
8285
8448
10610
7279
7917
5489
3663
-776
2070
3009
675
1413
-748
-3875
-2934
-4726
-998
-103
-1966
-1444
316
-2533
-4308
-3226
-1738
-1293
-6174
-9163
-4241
-4858
-5968
-5561
-7599
-8228
-8621
-7519
-6990
-5810
-5837
-5807
914
2302
2297
9182
11336
10078
12335
13140
12488
12361
13773
14469
11641
8575
9493
8789
8262
7433
6067
5621
4973
8599
7815
6953
2425
2306
1748
1786
3716
843
1396
-2865
-1980
2939
-682
-2670
459
-2794
-3664
-5889
-7219
-4631
-5324
-8991
-12087
-11480
-12941
-11827
-9708
-7990
-10935
-7169
-6497
-11897
483
-1989
-4771
-1146
-4099
-3254
-6008
-4488
-4104
-5662
-3466
-4724
-2049
-5497
-4459
3060
682
1719
3420
2313
3245
4150
3925
4752
6191
5239
3889
6867
1298
-752
3360
2165
2110
887
640
-1134
-1778
-1811
-3354
-3482
-8425
-9601
-8631
-8966
-6087
-4335
-2997
-4948
-699
-7421
-1642
9083
3079
1999
1441
898
-2793
-2825
-1171
807
1789
-1373
318
4199
4358
2350
1535
1007
267
1108
301
734
-291
-71
-1613
140
-5072
-7504
-1734
-1485
-319
-910
-1957
-1759
-1005
692
2608
55
-141
464
-1564
-2709
-2781
-3047
-2914
-1422
-3387
-425
570
4174
5234
4546
9221
6593
5685
7359
7365
9052
8274
1783
4873
10074
6691
2536
5031
8518
7615
4575
3426
6607
2888
1937
4244
2987
-2583
-6661
-906
-1184
-2789
-2395
-5887
-4787
-2728
-3029
-3718
-6290
-6658
-8376
-10222
-9962
-12454
-11557
-11243
-12028
-13738
-16164
-14911
-10857
-6860
-9009
-3194
-2562
-4314
4719
5486
6701
10041
6873
6385
11150
10772
12607
13462
15336
14436
15061
17318
16782
15718
15898
15754
15967
10826
9573
11048
10784
9161
6006
6300
6379
6081
5658
5602
4075
2088
1014
1015
-2094
-5967
-6540
-7183
-7901
-6711
-8577
-10668
-10852
-12255
-9478
-9825
-9716
-10552
-11814
-10169
-11130
-4210
-8939
-10480
-5941
-4787
-4207
-6827
-2873
-3013
-2593
-671
1621
2384
-165
590
5902
4500
3242
6668
5942
6605
6816
6910
6067
6813
7194
5082
6395
4723
4541
4143
2190
1791
-418
-1654
-1139
-858
-2332
-4752
-5249
-7256
-10731
-10145
-8115
-10138
-9232
-7476
-7697
-881
-6272
-6531
4438
1973
1948
5102
6368
5045
5777
6544
6556
6328
5398
6274
5159
3170
432
1744
235
-101
1265
-1894
-2401
-82
1571
893
-178
-2648
-3141
-2960
-3024
-3394
-4137
-4409
-3165
-523
-918
-578
368
1395
987
-225
-1417
-3515
-5250
-4586
-3026
-1548
-1175
-982
6676
5870
751
7225
9534
8916
10205
11076
9454
8587
6623
9747
12721
6435
3206
7160
8426
7076
7388
5719
4705
3257
2332
1183
2637
407
-3081
-4257
-6422
-6547
-7616
-5475
-5051
-8496
-9791
-10948
-11755
-13182
-13925
-9526
-12870
-19693
-20178
-19233
-14792
-13144
-12275
-17361
-13930
-13900
-7745
1685
-1073
-5670
5805
5325
9451
11433
8165
9158
12304
13154
6250
10598
12911
8284
10950
14152
10673
7460
11690
9219
6494
6396
8634
9360
5660
4491
-2837
-1478
-553
-1278
1936
-2519
-729
-5214
-7366
-6743
-6596
-6367
-7544
-6021
-6760
-7355
-11688
-12363
-8679
-9140
-8875
-7036
-6966
-6217
-595
-1724
-1349
1052
1757
3898
5281
6323
862
3022
7208
3321
5477
5421
6357
6446
7915
11248
9802
11201
11730
11145
9493
9812
11078
9176
8411
7798
6038
6888
5335
4923
5434
2228
1138
635
37
1707
-293
-2011
-5339
-5743
-4067
-8207
-11191
-10450
-7940
-8489
-6885
-8657
-3451
-1065
-2071
1753
4875
2877
-2562
3492
4619
4970
4030
4388
4615
2967
2394
1469
1794
1383
-575
-1747
-3361
-4878
-4524
-4209
-4407
-4203
-5467
-8734
-9741
-8623
-7951
-7897
-6238
-11131
-7379
-5004
-5154
-4496
-6773
-2297
-3184
-1469
-3672
-3491
-2561
-2957
514
1374
1974
3574
5306
6857
13054
8085
6793
14548
11162
13643
15239
14774
12614
9822
13196
12945
12844
11154
7069
6570
6976
7114
5807
1624
1427
904
-2934
-1579
-73
-2000
-2964
-4334
-6213
-9890
-10605
-11656
-12012
-12999
-17499
-13981
-15563
-15437
-15950
-18587
-15634
-16981
-17612
-15913
-16592
-14429
-12179
-10711
-8349
-11120
-2792
-397
-925
6138
7952
7629
7827
10071
10101
10383
12577
14641
13773
12535
11858
10717
12553
14800
11045
7783
7393
7370
4973
5212
4170
712
-199
-733
-3398
-4533
-1548
-6504
-4899
-5239
-6450
-3811
-5779
-3496
-3509
-6396
-5560
-7394
-6949
-6587
-9911
-6158
-13195
-13071
-9683
-7252
-4650
-5357
-361
-2614
1735
3552
1620
2426
4847
4121
2298
6329
5705
7156
5878
3603
130
9570
10684
8181
10298
9033
10583
7769
7849
7334
8165
8863
4661
2834
3881
4054
3622
3701
1849
4177
3871
2117
3146
3087
3472
2788
-3247
912
-3823
-5446
-522
-3566
-4855
-5559
-5196
-7418
-2321
-1314
-4896
1805
5042
606
1798
2153
1425
529
-1752
35
1780
812
-1215
2318
620
369
-999
-5492
-9212
-8395
-7349
-9010
-10286
-10083
-9463
-11413
-6303
-7005
-6286
-9684
-5029
-624
-3811
29
2262
1719
1485
1882
-3541
-1783
2868
3122
2700
3931
-1375
-2692
-1284
3070
4589
4839
10736
5392
6956
12964
5523
4391
10295
9606
10060
8660
9918
5425
5153
6791
4363
4864
3941
829
-3598
-453
3489
2743
-497
-610
1821
-2045
-1926
-1551
-1788
-1459
-2617
-3114
-2324
-2839
-3412
-2231
-8814
-6941
-4322
-8213
-7238
-6337
-8872
-7927
-7331
-8442
-8631
-5409
903
498
5506
2981
4411
9187
8921
11050
10092
11758
9001
10601
10588
12704
12680
8671
7001
5702
7359
6094
3479
1845
-98
-1928
1616
-1160
-945
166
1239
-83
-1216
187
-1137
-702
-765
-1827
-6300
-1691
-862
-1168
189
-1776
-1641
-5601
-6893
-9541
-9064
-8909
-9830
-10855
-12127
-10826
-10120
-8255
-6120
-4525
-6431
-3027
-4901
-6193
-3656
-2243
-1797
-3117
-1166
-3640
-1693
251
1100
5334
1434
1118
4429
4308
4757
4093
7387
5768
7262
8502
6510
7439
6259
5090
2315
5826
4374
3196
4328
3842
-1416
-4142
-1358
-3267
-2510
-3347
-6085
-7010
-9298
-7613
-7535
-4077
-2891
-2532
670
-5366
-3062
-1637
-881
-3174
935
1025
-2497
-752
-3537
-1064
-2063
-5345
-9544
-3550
-2898
-5164
-3987
-7206
-6192
-6695
-8197
-7396
-5092
-1752
-3173
-4292
-7252
-5686
2372
-52
579
1757
3528
4213
6102
6035
3072
1080
334
2809
2820
1422
442
-3485
-3517
699
1997
2371
908
4363
3148
3960
3740
7515
4921
4772
9687
7247
6083
5997
6500
5698
5511
4202
8557
8011
5929
4158
4423
6094
4345
3798
3150
3378
-205
945
1021
-1344
694
-1318
-1858
-2727
-2461
-3853
-5708
-4851
-7442
-7815
-8662
-8011
-6255
-5888
-7781
-7226
-5424
-4892
-2097
-689
117
-1300
5090
5311
3024
7592
8718
6643
8769
11054
7388
8364
10055
9505
7490
7698
9175
10634
9900
7901
3046
4212
9498
3803
-157
2310
1647
1260
2221
-165
-1423
-2181
-1611
-3073
-4018
-5943
-6543
-6137
-6979
-7567
-8750
-8787
-11902
-13755
-14689
-15179
-15710
-17780
-17428
-14640
-13873
-14841
-17940
-13354
-10136
-12653
-9731
-11750
-8895
-1141
-2785
-1257
-1977
2043
11300
8966
9007
10498
12896
12700
16392
13419
4639
10165
8860
12354
13863
12556
9999
7126
8490
6612
7496
6740
4745
4272
2049
-4714
-2117
844
-1566
-3975
-6472
-5641
-7429
-9264
-9421
-9547
-11629
-12133
-12181
-11638
-11113
-14011
-5578
-9724
-11654
-422
-3938
-78
234
-2008
1567
-1743
817
5952
4733
2768
1960
2387
-739
547
1843
1913
3916
2762
4883
4238
2290
2871
7221
5775
6918
6397
7226
6850
4536
5920
5242
7139
4531
4069
958
-687
1746
-2527
-4456
-7609
-9009
-8523
-4530
-6444
-5326
-10719
-11659
2333
-2521
1213
1460
687
2053
3386
8016
8553
5359
4558
8072
6686
944
2982
5604
7182
6068
4812
2762
5257
3262
1755
70
-1808
1911
800
-77
-5470
-5834
-5310
-6203
-7405
-9320
-10266
-10388
-7925
-7700
-6905
-9713
-12111
-9506
-9648
-8177
-6199
-5130
-5241
-4921
-3248
-5101
-3941
3517
661
3698
7268
7573
11197
14287
15675
14211
12397
5195
9992
13302
13708
10321
6403
12927
13324
13560
9556
7200
5814
5662
5779
7015
6219
1877
-1074
-2951
-2449
-3316
-1039
-3673
-7999
-8548
-7103
-7043
-10822
-10207
-11569
-14510
-17451
-15190
-12349
-17108
-14644
-14188
-16066
-11735
-12196
-12312
-8491
-5120
-1925
-1093
157
4404
11161
9452
7022
12197
12474
16565
15779
14209
14148
13111
15562
14068
16471
14863
11767
10056
10881
6842
6508
6269
3970
3612
3438
3435
-3659
-4142
-1677
-4347
-5679
-5966
-10421
-7745
-7061
-9421
-12328
-12733
-11053
-13942
-9453
-11199
-10233
-11054
-8529
-5867
-8051
-4169
-2723
-3800
199
41
-2113
4514
2976
4232
2771
770
4625
1930
3305
1941
3283
3220
6928
7656
-392
-116
1505
4180
3143
4929
6134
8984
5552
4532
5404
4194
1521
1253
2127
1993
4693
3108
-2533
-1993
2671
-1077
-1176
-677
-623
132
-599
-7355
-5846
-1832
-1514
774
2371
3209
594
5158
8334
7068
9706
9474
7279
7777
5462
5327
3188
5233
5720
2954
4077
4314
6440
2342
-223
-1965
-3948
-5102
-5753
-7604
-7386
-7598
-10372
-12295
-13091
-10036
-9777
-8071
-12965
-12608
-7787
-7466
-5200
-4548
-4319
-3266
-3682
-3806
-2518
-1106
1067
-1334
-108
-1189
-4596
1887
8200
4439
4683
9543
5773
9558
11632
7183
9846
3310
3136
7179
3958
6174
5209
3942
3402
3813
1246
-1512
-290
-834
-1669
-4487
-4741
-5298
-8279
-8219
-8508
-9419
-9715
-4056
-6777
-10268
-5930
-7449
-8734
-7426
-8721
-8490
-9732
-12746
-10654
-9668
-11297
-10782
-11552
-12387
-9950
-9547
-6580
102
1229
2364
11865
9383
10477
12075
13349
16080
15328
16135
14334
13520
11346
10755
10037
8677
11771
12446
10539
8400
5713
5242
1879
2199
-1497
-420
261
-1092
2172
258
-371
-167
379
-431
971
-1063
-1491
-217
-610
-2066
-1178
-4762
-11723
-9168
-8084
-9043
-7528
-5826
-8132
-4995
-4921
-7908
-2093
-2113
-3255
1020
3281
113
-1519
-1180
679
3112
3447
2245
1187
6849
7680
6791
5308
1768
620
4562
9348
6655
4237
7588
2819
-361
3456
7593
7993
8359
2138
1936
2902
4038
2765
2915
1495
-2946
-5433
-2364
977
223
-2512
-2492
-3394
-1736
-3751
-5913
-4557
289
396
-4283
429
476
2111
5472
3255
2186
-828
615
2252
4757
4205
693
-1087
-4875
-2942
-163
-6563
-6723
-3074
-7766
-6329
-6679
-7652
-6543
-7431
-8322
-5713
-740
691
1198
940
1428
2554
3586
-2710
-505
1091
410
748
-401
-3195
-2263
-2450
-2740
-1126
-1151
-881
-2136
2202
3420
-1831
3770
4670
-2925
4731
8617
8513
4476
856
5039
5716
4339
3093
5151
3326
3819
4359
1578
-1918
2505
95
-1493
-2069
-5753
-6132
-6637
-6032
-5651
-3384
-3960
-6509
-6816
-8637
-9151
-6416
-7356
-8910
-9533
-8989
-5878
-6652
-9964
-6443
-4418
-6552
-3059
-2578
307
-1898
2488
9184
6061
12378
9276
9559
11902
12324
12142
6525
6478
8218
12097
9717
12063
11749
8926
9430
9880
6377
1429
7070
5992
4015
5883
6259
3821
4156
2571
1293
1457
-4302
-2835
-3001
-3909
-5677
-6603
-7984
-6380
-5457
-8709
-8407
-10546
-12492
-12009
-13407
-14940
-13255
-14296
-10270
-11409
-8279
-5795
-11685
-7181
-4139
-3836
-2223
-1444
2283
3230
7432
9792
7715
10344
8299
9953
12683
12140
13010
12460
11721
11082
10893
11402
12949
11860
10944
9148
4106
3201
8299
6945
3583
3605
-3506
-2400
1479
70
1144
1090
-1003
-7121
-8328
-6579
-7580
-8434
-9350
-10705
-14747
-15365
-11335
-12273
-8428
-8262
-11654
-6944
-5161
-6959
-5215
-3310
-6111
-8108
-6060
-3679
-3510
-3928
-4471
-2713
-3821
-3387
192
60
851
139
2019
5819
3169
3304
6665
7268
5956
5421
6871
5577
6384
8270
6352
3237
6376
5318
3362
4350
2790
601
-2281
-3378
-1986
-1098
-2819
-4272
-10094
-7213
-5884
-4967
-6397
-7084
987
-375
-2735
-3979
1562
3092
3553
1115
-478
1382
772
2515
3543
7069
6127
3490
1919
6261
1164
-445
718
-567
796
-1042
-3312
-4422
-3396
-3637
-2327
-2280
-2024
-2147
-3565
-4268
-2897
1340
592
327
765
-1842
-1157
-463
-979
-948
-635
-2811
-4892
-6130
-859
2269
-10
-140
6090
9108
5670
8212
8545
6225
8313
6175
6196
8557
9847
10233
8072
10291
963
1890
7123
5691
6841
4263
3701
3473
3852
2542
1178
-2621
-2256
-1121
-1743
-1095
-3791
-6889
-7881
-9618
-13310
-12875
-12767
-16436
-17312
-16128
-18998
-19448
-19003
-17418
-15153
-14021
-14929
-11119
-3445
-5335
-210
6983
5342
6204
6701
10248
11832
11083
12762
14880
14631
13993
9902
9907
14734
14098
13702
12054
9315
8010
9518
10707
7337
5026
5732
2844
2053
2809
1456
729
1245
1042
155
-724
-5122
-4397
-6152
-5479
-5852
-8909
-11754
-12943
-11893
-13964
-17573
-16146
-15278
-17978
-13444
-10307
-10187
-10459
-7378
-3851
-5154
-2284
1234
364
1940
6192
2079
1929
6656
5733
10063
10079
8529
11124
11731
12263
11605
10388
12167
13028
10940
9666
9274
7422
7243
9971
11148
5595
3586
5224
579
806
1623
142
-7182
-7923
-6605
-8283
-8223
-6467
-7131
-9383
-6259
-7256
-5288
-4413
-141
-3041
-4905
1332
3321
440
1735
3817
-3635
-3172
1066
-73
3556
1691
-2181
-2087
-3255
-601
1487
759
-1939
-2627
-4289
-1641
-878
-152
202
-7800
-1714
2072
1802
4116
4510
3789
1860
1575
3093
-1049
952
806
-192
1494
-4431
-3607
-4294
-4341
-4037
-2866
-811
-571
-2503
-919
4744
-1734
1056
5864
1122
6854
8430
7332
6288
5744
7312
6933
9193
9179
8409
7454
6394
4226
578
844
-690
-4309
-1659
-1540
-5926
-7747
-7984
-6299
-11707
-10410
-8860
-15060
-14845
-14637
-13798
-16334
-16698
-15456
-13842
-10485
-10247
-8800
-4170
-7845
-5700
-1158
-624
-630
3433
5521
3860
9759
6569
7310
16984
15059
15325
17367
16478
15712
14502
15463
11271
14558
15620
15094
7412
7153
11201
6721
8964
6636
5338
1896
2261
3360
1924
-1072
-5277
-6543
-9961
-9186
-6737
-7549
-9393
-7873
-6923
-8939
-9827
-12248
-9840
-9018
-11270
-7956
-8995
-10121
-10891
-10179
-8002
-9817
-13892
-7546
-1910
-1494
692
-1918
2873
7399
6465
9246
9809
9476
9942
9981
9983
9545
9842
11037
10959
9381
8237
8202
6598
8492
7684
5620
5031
353
-540
-1281
-1084
-8085
-6493
-2524
-7336
-5447
-6213
-7438
-6087
-5585
-6853
-7975
-5679
-7352
-6312
-8312
-7593
-7557
-13529
-8526
-5889
-6263
-4226
-3298
-704
-5349
-5775
860
-1769
-2639
-1228
229
422
-592
-349
-1132
1082
688
2750
1280
725
4793
6180
8329
7517
6131
6497
7520
6370
7003
6186
8947
7142
5370
7193
6264
8401
6415
6182
6574
5146
4131
5057
3638
4547
2634
-6360
-1240
349
-2006
-1757
-7391
-5393
-589
576
4338
244
-1066
2495
4537
5243
2081
5133
5316
3344
4417
4750
1398
-374
-813
-1374
752
-2035
-4952
-6230
-8349
-10449
-9211
-11964
-10422
-10121
-12597
-8735
-5227
-4260
-9000
-3792
-1939
-2375
-1304
1247
2999
1373
3161
-3670
-787
3448
767
796
304
-3208
-1271
-1496
-3162
-789
-1709
2274
2259
279
5830
8208
1020
2512
6128
5872
5499
1912
4261
3565
2576
2007
-802
990
-1066
-994
-1962
-4042
-1102
-5061
-5558
843
-1850
-3825
-1282
-3710
-3317
-4884
-4018
-5259
-7942
-5394
-10609
-13958
-12586
-8352
-7113
-8760
-6356
-7925
-6735
-8195
-8175
-3823
-4247
-1685
-1420
-555
3618
6939
5361
5832
8554
12614
11831
12257
15782
13322
11591
13571
11427
10165
10341
7802
7465
8214
6585
2540
5397
7115
6632
5055
4197
4752
3276
4265
4732
4152
2942
4271
3215
-3770
151
801
-2972
-1229
-4160
-6441
-7400
-8840
-10782
-12108
-13877
-15179
-15962
-16193
-17104
-18007
-18392
-15578
-13583
-12307
-11182
-7055
342
856
-2373
3546
4408
-103
3165
8877
11273
10348
12142
10588
8134
10755
10595
11549
12157
12552
11480
11527
10475
8165
11097
11733
10076
2700
3500
5919
-1011
2746
2858
14
-156
-1395
-2437
-4322
-4797
-5465
-8255
-9408
-10739
-11519
-12935
-14167
-14167
-15568
-14114
-10582
-8877
-8362
-11501
-8878
-7249
-9475
-9246
-5544
-7371
-6972
-3878
-8320
-7208
-7550
-4423
316
1727
2957
4558
493
4276
8938
10046
13324
12655
9965
8303
13209
11866
12227
13792
11255
11776
11453
10174
9733
8781
8126
5878
5173
4331
3098
921
400
-2707
-7845
-3952
-6220
-5250
-5494
-2983
1308
-6328
-5340
-1536
54
1002
2694
5902
-3071
197
4016
-1183
2117
3563
2694
1223
1928
1086
333
1611
-21
2229
-3914
-6586
-3583
-6255
-2472
-3608
-3268
-1481
92
-554
-3433
-2472
-266
491
-573
3820
3821
1899
-990
-1631
626
-1215
288
1935
-990
-1880
-2555
-5109
-2657
3932
4619
1460
2347
8355
4825
6907
8192
4443
7779
7865
10504
6536
6846
9958
8895
8330
8510
11471
6445
1800
3905
2564
3973
3600
2405
2691
2481
1809
-103
-1641
-3817
-5338
-7543
-8603
-7679
-9333
-12766
-12963
-12325
-12240
-12891
-11670
-12037
-12806
-13066
-12026
-7952
-8333
-8758
-8505
-3419
656
-4402
843
13069
9844
9086
12748
10391
12767
10601
14334
15580
11662
12979
16875
10494
4532
10618
9527
9218
5492
7079
6794
3919
2206
454
10
-340
1465
835
-1437
-2801
-3452
-6192
-6305
-7257
-9151
-10001
-12567
-11734
-12447
-14879
-17080
-16454
-18391
-18958
-15444
-14154
-17760
-19641
-9214
-12493
-15039
-6477
-869
-6763
-2569
2139
-414
784
6174
9606
11314
13792
6855
8727
13344
14738
12053
10806
15293
10535
10451
11810
11994
11097
9394
11648
8491
5722
5480
6254
4302
6402
6226
-2828
-1142
-2720
-3001
-4044
-8799
-6645
-7892
-6653
-10036
-8127
-9481
-10497
-6384
-8482
-10860
-7373
-352
-6573
-4962
2098
-2091
-1596
5119
4493
3577
2917
15
3200
287
-588
-501
160
-2647
-6567
-829
2371
-627
-728
-4769
-1764
2020
3533
6582
5635
2394
2187
2701
5249
7374
2923
3410
6111
4823
2285
-644
2152
2335
2030
-1391
-2050
-5152
-8869
-6654
-8401
-9106
-5452
-3908
1901
531
29
1428
4513
10838
8832
3558
4211
7180
5256
7965
5562
1479
3396
4319
5315
451
-1450
-1217
-2887
-2017
-4566
-7508
-6617
-6745
-10258
-11102
-12313
-12844
-10228
-9291
-12653
-11492
-9405
-13173
-10126
-10637
-6595
-7149
-8733
-5428
-5117
-123
-3022
211
1576
3252
2705
2206
4093
5919
9192
7526
9701
10648
11765
11713
10340
14033
10768
7719
13662
11891
8165
9959
8917
9628
10242
9816
5970
5223
5074
3089
37
-3699
-3368
-3491
-4460
-6059
-2863
-3980
-7289
-10463
-8045
-8122
-11206
-9305
-13300
-15890
-10416
-11454
-13822
-12588
-9818
-13834
-12451
-5822
-7486
-6437
-4710
-2652
-117
2212
9206
5438
8681
15885
11745
12606
17066
16562
14104
16914
20662
16873
15641
14867
12894
17393
16629
13341
12672
9135
8022
2347
4310
3589
1266
1545
-3169
-2398
-2785
-3725
-4376
-3127
-4498
-7953
-8076
-10322
-10849
-8164
-8145
-8221
-7758
-10860
-12638
-13993
-14932
-11455
-14636
-16858
-12499
-14545
-7476
-5929
-12412
-7764
-3139
-2264
-1039
4207
2484
3
2288
6559
7324
6661
7671
10671
11839
10970
11237
7577
7739
9049
10775
9398
7572
8327
5662
3649
1540
1052
-1931
1307
2552
75
3008
-3475
-4583
-1344
-3469
-1373
-2285
-4370
-5316
-2820
-4760
-6820
-1444
-3618
-4238
-5752
-5205
-3570
-837
1007
-2731
349
3387
3406
4772
5340
3088
1662
1201
1588
1006
-1667
-3268
-4600
-3097
-1386
-1901
-2543
-4876
-3285
-3000
-2257
348
2723
3056
3186
2577
4315
5081
3858
2726
2320
6388
5146
2295
5634
6690
1718
2008
1274
347
2715
1095
-1431
-2343
-9915
-8758
-3924
-6468
-3184
-422
-5679
-4671
4444
846
1377
3610
4389
1488
-256
2876
502
-581
-128
-1648
310
-1595
-4948
-4423
-8210
-5886
-2661
-3112
-4056
-8170
-9286
-8640
-7354
-5026
-5964
-6918
-6228
-3111
-2193
-4036
827
1279
-1228
1216
544
1230
2185
3476
1406
-72
1818
-1515
-1070
-1201
-2258
-1553
837
4130
3903
3315
8098
10625
8913
13446
5489
4905
9064
7895
11273
4400
1998
1941
3792
4446
1079
302
-2332
266
65
-1762
1043
-64
-135
1554
-1932
-1906
-1560
-3413
-556
-2655
-8872
-6575
-3538
-5766
-5409
-8013
-9388
-9372
-9752
-9892
-8904
-9518
-11572
-12384
-10071
-3734
-2135
-1228
2146
1945
1130
6393
8788
4992
7483
7626
10569
10804
11871
12962
8034
8146
8996
11392
9308
8657
8373
4796
1875
606
5350
3989
6124
3458
51
1521
1654
1043
-2850
-1901
-1047
-3576
-5008
-5344
-6908
-4235
-2944
-6008
-8385
-10388
-9769
-9378
-10595
-10779
-13686
-14686
-12031
-12362
-15044
-14344
-9116
-13095
-11295
-7325
-4737
-5357
-7948
-3701
-348
4377
5914
7615
5492
7435
9533
10828
12834
11328
12923
12856
10572
11661
12091
9857
11969
13541
10230
10605
12700
12098
13020
7192
3231
4894
3865
2501
1462
563
-849
-2597
-4422
-6828
-7157
-7003
-9960
-8468
-8655
-10626
-11377
-12111
-10182
-6665
-7570
-10294
-5458
-7484
-9206
-5772
-5094
-3496
-6588
-2058
781
-3120
778
-3073
-2964
-215
507
-2110
-2657
3993
5944
12723
10256
7472
9369
6993
7572
8520
8295
8806
10948
10382
9751
8890
7847
6770
5193
4045
1551
1533
1397
-39
-3522
-9492
-8680
-8736
-7010
-7202
-7006
-6067
-3773
-338
-8376
-6553
3677
1507
-251
2070
3100
4536
1624
3099
5307
3640
4084
5325
5264
5811
4473
2900
-917
1030
1797
-1624
833
-21
-343
-503
550
24
784
-25
-2511
3671
5841
4686
4736
4849
4830
5144
4389
3049
282
-1612
-826
737
1835
-420
-2981
-3195
-2058
-1555
5404
830
504
8391
4966
6940
7532
3994
5909
3468
11213
10462
10622
5890
8675
6328
3151
5242
4980
2525
3488
1871
-665
235
1190
-2313
-3325
1643
503
-5075
-535
-2555
-11436
-11485
-12350
-8007
-12527
-14484
-14015
-14191
-8784
-13011
-12694
-14953
-16059
-5368
-11494
-9265
-6428
-6075
-7539
2434
4083
3295
6094
14298
13214
11063
15081
17038
15020
13928
19099
11174
12968
16083
14787
13626
7437
8637
7040
4815
3297
8742
3986
2690
2479
4070
612
1051
-1555
-3230
963
-3921
-3869
-3350
-2460
-9133
-6499
-8068
-8133
-9360
-11195
-11670
-15492
-12995
-15524
-17854
-14624
-16536
-12870
-9737
-12089
-4609
-467
-3764
248
1926
7199
11338
13129
12455
8891
15785
16864
16948
16753
14678
17202
18936
17579
16292
13722
12164
13045
11190
11055
7403
5607
4496
1210
3531
1686
913
1453
-1346
-1954
44
903
-2438
-3491
-6648
-7072
-6247
-8244
-8193
-8687
-9151
-9552
-8781
-9789
-9849
-7302
-6390
-4915
-2795
-4003
-5955
-105
-5322
-5299
-1635
-3644
3401
1872
3803
5501
5089
6677
5493
4893
8782
11323
10547
11077
6414
4745
6180
7583
8302
7510
7354
5832
2529
6921
4351
2586
5725
2697
1652
199
-2460
-1545
-3512
-3930
-3096
-5270
-7253
-7756
-8527
-7325
-6853
-4588
-2034
-3183
907
4667
-115
-2659
5473
2695
1306
6469
3928
4302
2909
3276
3271
-700
626
325
3910
-3747
-4838
335
-8111
-7728
-7513
-8371
-8628
-6103
-3089
-2395
-8059
-493
1858
459
1156
-6104
2370
1403
-2447
-658
-238
-535
-248
-1472
-2837
5115
3285
3542
2564
3883
3450
4322
4178
-595
7960
8852
7275
4140
8303
12414
8404
10334
11363
12943
5923
6193
10982
4287
8915
7120
2621
2790
1483
533
-2599
-3649
-4176
-5687
-3757
-5706
-6518
-7252
-9127
-11806
-14192
-13976
-14003
-10082
-11541
-11475
-7190
-7070
-8415
-7613
-1173
-1504
-452
886
-3644
1556
3601
131
5701
5956
3102
11521
13212
8899
12001
17769
16672
15083
18355
16790
17506
16434
12697
13271
13217
13182
12587
11942
8967
7068
7068
6017
5472
4100
3701
1519
-1174
-2361
-2879
-4010
-3903
-6410
-6604
-6988
-8154
-6283
-8498
-7926
-10559
-12951
-11591
-11787
-9622
-12045
-9634
-13366
-14525
-11680
-12641
-8690
-6559
-5995
-2484
8249
6021
5128
15423
10664
14299
16092
17126
18755
16985
19578
17676
17876
15743
15187
15646
12719
11254
13544
10013
9752
5079
-1269
1255
3573
-1643
-518
-3224
-4087
-5743
-85
-689
386
-208
-842
-6475
-7017
-2472
-3555
-2741
-7064
-8249
-10928
-11944
-12911
-11160
-13785
-10867
-8913
-5026
-6901
-6821
-3636
-6392
-1064
-1422
-2971
1967
3608
3755
5819
2381
4589
5878
8625
11952
10819
10228
10002
9868
6937
7907
9636
9266
9046
10130
9060
8242
7051
7000
7749
5428
3818
5434
1771
3011
3210
3904
375
-1806
717
-3235
-4369
-6106
-6471
-5433
-4054
-5944
-6395
-7044
-7109
-4555
-4085
-2113
-2429
-1873
999
-721
-687
4560
1356
2228
-3516
2245
100
-1178
-935
-905
-2443
-3764
-2477
-1359
316
223
-1185
688
5649
6411
7569
9909
7624
9677
9084
9548
9437
11489
10254
5472
9528
9735
8022
8197
5497
3515
4317
3571
2995
-2876
-2619
-78
-2847
-5711
-3759
-4980
4763
-1932
-2872
7385
5871
6049
6851
7208
6905
225
1413
-372
-1222
-1888
-425
-3508
-3220
-2016
-6352
-4730
-560
-5940
-2213
-3140
-2816
-2898
-2747
-3636
-2789
-737
-1854
-4023
-315
377
2972
5018
4579
5675
4171
5739
5069
4108
-512
-2231
-1870
-527
969
-367
-995
-537
2935
5433
5513
5673
8619
8853
5029
9319
9015
8017
6912
8056
8479
9062
10411
5229
4973
7029
5325
5525
5387
5425
5277
3258
3768
3777
3684
1757
3227
-2753
-3407
-237
-3057
-2556
-2827
-4737
-6717
-6749
-8059
-8854
-9268
-8365
-7795
-7073
-6746
-7559
-5780
-3982
-4199
-2155
-584
-1041
2949
5714
3249
5194
10683
9421
11222
13567
9770
10376
12417
12944
13539
12044
12197
13765
7848
9577
10884
8400
10262
8438
9798
7966
9058
6860
4486
8986
5601
5853
4585
1638
1777
1245
1219
-3087
-4231
-5641
-7526
-7698
-9364
-9146
-10691
-12986
-13088
-12932
-14037
-14902
-14919
-13601
-15545
-11311
-7156
-6707
-6461
-3017
-2054
2319
7731
7228
8716
8035
13163
12149
12223
14352
15678
15944
17548
17734
17569
17475
16288
16446
10276
14388
13927
14142
13337
6808
7123
5141
5300
3269
1592
580
60
-706
-2035
-2628
-4549
-6807
-6409
-8762
-12005
-12860
-14165
-9938
-16182
-17033
-10737
-10671
-13249
-6709
-15844
-12563
-3455
-3346
-6336
-4440
-2989
-3737
-3504
-2074
1595
1256
4477
5969
5874
8924
11434
12966
9538
8327
12010
9541
10172
9725
11101
10999
11023
10273
9573
8290
7114
8412
5728
10575
2821
4542
1094
-5007
-1120
-3108
-4376
-6338
-7303
-6692
-5886
-6971
-9426
-11892
-9953
-9802
-9433
-3745
-11601
-8049
-895
-836
2171
4337
4626
3626
2065
2502
1931
2844
-1913
-3141
-1361
-4716
1429
444
797
-402
214
1734
343
4320
-3356
-131
7646
7407
2946
3956
4677
3678
3383
3195
4718
4023
2439
4394
1534
796
700
46
87
-1981
-2147
-1994
-2928
-6390
-5190
-3967
-140
474
-1060
8098
7698
5508
10796
9133
7420
7701
8635
9317
3631
7491
8213
4608
5340
5090
4764
3875
5110
2653
1368
-29
-1689
-316
-1714
-1859
-3725
-5108
-6123
-7494
-7260
-7509
-9081
-8894
-10110
-7049
-3450
-4707
-1299
-4122
-5599
-6029
-2152
-1053
-3818
-3609
730
1608
1469
9344
9893
4065
10448
15272
11423
13683
17489
10474
5667
10292
10173
9454
11815
12346
8297
6736
7572
7261
4024
4808
3696
1598
1939
-1471
2824
-1949
-2972
-880
-3419
-5051
-6902
-8153
-9781
-8423
-9413
-9306
-11787
-13175
-15529
-15942
-14710
-15354
-19841
-19667
-11776
-15458
-13119
-11765
-4566
-809
3490
5867
-1533
2598
8798
15874
11408
15503
11173
13476
14932
14680
12279
13471
13005
16246
10089
13018
15264
11535
8413
10943
8634
7016
7674
5336
5501
-194
-1752
-2123
-3047
-3822
-3226
-4352
-1032
-2717
-10622
-11961
-7209
-12019
-12009
-9711
-15726
-12850
-13877
-15296
-10233
-11073
-11409
-14749
-8677
-8218
-8915
-1640
-9254
-2289
6308
1732
6258
7509
9677
12633
14194
16712
10914
15274
16490
17171
15956
15535
15797
15184
14357
13949
12072
10557
8056
5941
8124
4597
6583
2542
-964
2754
1283
214
-775
-441
-3487
-4121
-3129
-230
-3240
-4629
-5249
-6250
-6552
-5712
-8313
-10849
-10113
-6335
-10538
-7028
-3822
-3589
2038
3574
724
-3382
-890
1383
364
1589
2775
2557
2371
2961
-1896
3363
-3100
2483
6295
6881
7405
8283
2364
3111
2042
4200
2732
2440
2386
2323
2561
3926
4853
1216
-505
107
478
-1267
6181
3365
904
2279
-5039
-1981
-965
-123
-3856
-6161
-2345
-3026
-745
1645
1184
1940
6416
4286
4988
7678
6930
8140
7464
6189
6906
5826
3383
3079
1731
1134
-903
-2917
-3694
-6629
-5374
-5987
-7687
-8569
-7312
-6925
-9803
-8568
-4117
-3069
-177
3537
1806
3193
3688
6003
7297
6791
6463
5526
6552
8139
5085
1651
5326
4235
4043
5510
3965
3505
7954
7492
2325
9418
9053
3913
8875
9720
7766
6669
6971
7522
6152
5515
3094
2717
2463
731
-978
-1738
-3814
-6488
-7635
-6964
-7758
-8410
-7426
-9741
-12262
-11853
-12238
-15091
-15280
-12849
-12407
-11049
-10264
-10107
-9236
-5859
-3750
-7116
-561
1110
-900
3228
2869
2315
3772
6599
6910
5344
9601
11037
6163
11402
13663
9823
13721
14530
12625
9064
10132
11385
8235
7806
6845
6505
3810
2573
-26
2357
-2736
-1590
-1067
-2195
-6506
-3443
-5573
-8534
-6429
-2501
-7360
-8586
-6481
-7920
-9456
-9376
-5097
-15051
-13524
-13384
-15151
-13470
-16143
-15274
-13936
-14073
-11411
-9993
-12938
-7990
-5350
-1917
2610
-249
1903
9903
8658
7613
16870
15861
10970
11347
14910
16718
15835
14365
13514
11026
8029
8579
9028
7369
3202
3925
2427
2568
3019
1740
292
2647
1829
1178
241
-861
-1546
-7481
-5622
-3369
-6115
-2925
-7871
-10248
-4671
-6294
-7882
-7037
-12763
-8681
-7390
-9056
-9292
-13862
-10872
-6609
-6371
-6216
-2739
1826
1171
153
94
-2961
728
5536
9193
4156
6596
6766
7273
13922
5656
10683
10810
9534
11213
12805
11172
13118
11814
11193
11576
9903
10326
2722
1833
7575
5165
5054
4851
3622
2071
1288
-157
-1695
-4629
-2716
-6062
-7486
-6428
-9034
-12154
-11411
-12101
-11249
-4811
-6384
-11081
-6202
-3163
-1705
-2329
1321
118
-4836
-4353
-8532
-6576
-4062
-1307
-2936
1587
1233
-1807
3134
5156
7465
8656
10392
9705
9023
11710
10890
7591
12775
10370
10279
10827
10025
9098
9801
7478
2846
6234
4510
5682
484
-273
-450
-3201
-1171
-3710
-3949
-4059
-2801
-3934
-1979
2002
-812
-441
7614
5764
54
2371
1806
3102
3987
3065
-752
1905
2898
1622
271
-872
1330
648
-830
-1030
-804
-478
-3113
-3013
405
748
1484
206
1531
2903
5713
5605
6068
6061
4644
3882
3594
4229
473
5498
898
-673
-2974
-2230
-4251
-5466
-5164
-4507
1015
2485
3557
-284
-272
5681
8593
5105
4620
5372
2873
914
3958
2828
4195
4620
4037
3157
1356
6892
7008
5972
7149
1026
2991
3966
977
1190
138
-1144
-1916
-1899
-8813
-8833
-10665
-11652
-10749
-10761
-10995
-7393
-8741
-9919
-6805
-3391
-4640
-3922
-4405
-5730
-6094
-4657
-3702
-3082
-1876
115
4129
3886
6391
10069
7118
8855
13336
13665
12348
11268
11719
11458
12626
12536
11025
8664
9987
5748
7111
11068
8989
9903
9667
7525
5614
3708
2263
1308
-868
-1650
-1220
-3556
-1197
-2094
-4329
-5967
-7244
-8287
-13380
-15611
-11795
-13031
-14764
-21275
-18820
-16968
-16542
-18672
-15409
-13401
-12672
-2214
-1772
-2988
2206
4281
6157
12128
12269
12250
15433
13813
14758
12317
16326
15254
9712
15460
16530
13852
15713
16053
8823
8948
11609
8615
6878
6040
5362
4085
3444
1462
-58
8
-3631
463
-6572
-7390
-9376
-5257
-11414
-13456
-14925
-10410
-17432
-17574
-17351
-16850
-18032
-19467
-20696
-20129
-17346
-12115
-12446
-10325
-6233
-2555
-3724
-1198
-1535
724
6311
9997
5434
10811
14929
13217
12172
12500
14660
12919
16615
18493
15926
16119
14705
14267
15103
11104
11130
9748
9872
10963
2078
3400
5904
912
-433
-713
452
-1653
-1248
-4607
-7973
-7870
-13458
-10480
-14878
-15717
-9053
-12891
-10773
-7235
-3531
-7153
-9148
-901
904
-2503
590
4254
-783
278
1781
1235
3331
1915
1454
4308
4825
4119
2822
4623
9675
10711
11082
9437
9700
10983
10694
11506
9650
10210
8425
8131
7504
8372
7994
5873
4432
985
169
-389
448
-4302
-8806
-8336
-8140
-7347
-8735
-8581
-9970
-9489
-7626
-1202
189
-856
468
3705
2751
-1804
4445
5048
4456
3414
1172
3044
4003
8718
1162
3931
4070
-368
70
-1273
-4599
-5571
-6414
-6783
-7997
-5318
-5720
-1367
-4682
-1864
1197
990
3855
-1305
3405
-2918
-709
3402
-1168
8
-726
-271
-663
2522
3111
-1868
-2598
-2007
2353
257
2637
4379
2177
-2647
7371
10714
5555
6527
8134
8358
4878
5481
6670
12080
12220
9103
7254
2934
6988
6280
4676
4263
-1713
-3404
-4114
-7477
-2451
-3583
-7428
-8748
-9947
-12281
-14274
-10358
-15059
-10953
-11163
-12355
-14314
-14265
-11785
-4769
-5105
-4538
-3432
-3271
574
605
-364
-351
629
-663
5756
11614
6474
6287
10168
10177
9646
12488
15934
15585
10096
3915
8434
10156
7869
7063
6364
4998
4399
6515
4380
4967
4627
2661
1264
-367
-1216
-3568
-4980
-6814
-7597
-4855
-6646
-6907
-7392
-10871
-7640
-5953
-10418
-9772
-8936
-11463
-12042
-11946
-12257
-10186
-7712
-10788
-10269
-11908
-9714
-869
2030
3477
6559
8337
8252
8806
9882
11476
13261
13052
12445
11036
11419
14601
13856
10731
13719
12675
12816
11934
6378
6302
3800
1317
965
-1645
2054
-1153
-825
-2563
-4500
-4388
-4613
977
-5929
-1938
-5842
-7323
-5855
-6618
-9053
-9595
-4404
-13088
-15429
-7074
-9007
-9236
-12352
-9952
-13427
-9914
-6135
-11933
-8454
-2175
-297
3634
227
3724
8139
8837
8993
9246
12681
12511
12899
12290
11833
14119
12773
12683
11810
9342
8496
10865
10202
10769
7373
6534
7890
5206
3578
5120
6325
3349
4505
3741
3512
3531
4506
684
-1208
1758
-783
-2838
-1731
-3808
-3797
-3691
-5568
-4630
-3701
-3083
-3202
-3566
-1850
351
-2826
-833
-955
116
-924
-4243
-3016
-3641
-1156
-1265
-3597
-6853
-6485
-455
1100
-1233
1263
5218
3291
3402
5916
9062
5591
7938
4722
6154
5578
10049
10249
10782
11660
10100
5396
8142
7972
3128
4993
3208
1800
-4319
-3982
-5162
-1299
-1616
-1689
-296
1462
2886
2324
1902
2950
5696
4510
4467
3903
3512
1686
-3732
-2529
-5385
1643
-511
-4206
-9642
-9216
-10665
-11573
-13276
-9177
-10658
-3624
-2466
-2817
-4743
-1067
3274
7122
6361
8455
2886
5621
9402
9874
9328
11100
4154
4662
8197
9396
7904
473
6395
4244
6043
2793
-2004
-3671
-4812
4713
-726
-3980
3004
4783
3385
2431
3602
2343
2955
1681
142
-1038
-436
2937
258
3143
-1580
-1008
-1122
-5310
-2239
-5105
-2547
-3697
-6282
-4314
-5764
-7801
-5402
-8759
-6519
-2579
-3339
-1165
-1505
-3901
-4192
1980
3056
2693
4327
2961
3300
1630
2706
4055
3715
4946
5673
5662
6303
8468
10332
6221
11644
15536
9646
14390
8265
5879
10175
7896
5041
6668
8042
1815
6023
5491
1863
3985
2197
2670
2091
1924
1882
2085
2380
-1030
-4174
-1497
-4044
-4938
-3090
-4452
-4641
-4557
-4161
-6650
-7745
-8138
-7868
-11407
-11185
-9107
-10748
-10090
-11041
-12437
-9778
-4660
-4968
-4748
-2492
1441
2388
3647
9487
7323
7982
11795
8135
13729
12066
11479
15645
11935
13818
13384
14357
12771
8749
9525
9851
10676
11418
5791
2894
6209
5827
7073
2734
1166
2187
2404
1162
2822
1778
-2417
-3207
-6253
-4528
-5857
-8776
-10151
-11989
-10587
-11846
-14317
-13802
-15165
-15674
-14599
-11809
-14319
-13488
-5702
-8696
-10980
-4733
-3508
-1456
4421
9149
7443
5016
9671
10882
11937
11406
11967
14754
14077
17199
13982
7966
12843
11320
11204
12180
11498
10382
1628
5379
4056
1707
3278
871
5259
-2078
-44
-1679
1720
359
-1244
-1117
-3896
-10369
-10278
-12076
-12435
-8353
-14878
-14506
-14861
-14673
-14982
-12393
-5471
-15471
-9715
-5940
-8253
-6227
-8142
-5398
-5885
-2626
-657
-966
4568
5923
5347
7991
12236
13299
13321
12817
8857
10067
8213
10726
9020
8216
8345
8764
8732
6836
5732
7400
5630
2633
4898
-929
-1242
-1917
-4319
-3904
-7629
-2143
-3572
-4404
-7038
-7137
-7343
-8605
-5469
-5905
-13236
-7104
-2409
-8466
-5015
920
-2628
234
473
948
481
-581
5138
1068
-1099
-1184
-203
-2506
-841
232
-2570
2276
-2196
-4706
2095
5587
5318
8305
6119
5896
7631
7126
7802
6016
7319
6993
5475
1561
2729
1955
1409
782
-2908
-3303
-2908
-5506
-10891
-3901
-7680
-9540
-3153
-8573
-2213
1092
744
1735
9625
9999
6966
5711
11234
7087
5271
9487
4076
9453
4149
2285
19
1588
1268
-1124
779
-5036
-5099
-7232
-6499
-5967
-7841
-12114
-12576
-6417
-7083
-6613
-6232
-6030
-49
-500
-1859
2153
-1556
-2091
-1676
-703
-812
824
-436
-1066
1249
-316
-780
3540
3944
3986
7220
13280
8233
4493
16858
10403
9734
15609
14801
13188
11605
12370
11597
10182
6332
5664
5600
4065
6207
5502
2417
-154
-700
-3113
-1050
-6348
-5758
-5427
-5359
-7800
-8399
-11950
-16058
-14754
-15991
-15180
-13962
-14261
-11015
-8013
-11335
-12222
-5735
-4257
-3127
-2439
-2946
-942
-1127
1939
4796
6985
8695
7186
6528
15315
20204
15903
17433
19526
18922
20456
19615
13275
14583
16713
13903
14359
13167
11423
10618
9847
8119
7358
5602
5154
3500
1269
-971
-998
-3002
-2013
-3988
-7854
-9367
-13328
-11585
-10199
-11524
-12925
-10212
-12093
-13301
-14462
-15569
-13648
-15011
-13366
-12984
-10533
-7817
-7545
-10454
-5841
696
4979
3210
9370
12019
13022
13912
19336
20363
18641
14501
15075
13286
16093
14305
12338
12160
13097
12324
8786
2697
3893
2399
2759
6149
4475
3178
79
-8
-1669
-1568
-1585
-2158
-7391
-4338
-4884
-9807
-8537
-10017
-9019
-10522
-10149
-6830
-7419
-11746
-8650
-13475
-8129
-13508
-14121
-11134
-11495
-7315
-9428
-6011
1782
-4446
4741
3185
2531
7175
7439
8552
9003
11311
9887
14850
10566
10058
11254
11185
12475
10146
10761
8201
8330
6402
5165
4911
3608
4647
-4041
1629
1496
-986
-1144
-4027
-5792
-5407
-5321
-663
-3740
-4968
-2795
-8426
-8737
-6250
-8021
-6950
-8176
-5657
-6482
-5161
-409
-5331
-2321
-2020
1482
1106
1307
1765
480
-3715
-1566
2302
620
4050
1789
2318
3434
3632
6883
3390
3920
4338
2959
5292
5942
6214
3908
1268
4858
2303
1273
2333
3960
3223
1993
3074
300
6302
2510
330
-283
2581
-2871
328
892
-2226
-1433
-515
-487
-4893
-6786
4014
4748
-1559
11
3654
-1445
1895
1053
-878
54
-1944
103
-1001
-723
-1030
-2093
-688
-4708
-2812
-6265
-8806
-3561
-5854
-2391
-5144
-4151
-752
1733
2767
2047
3910
4599
6393
7947
7946
9992
9431
5119
8813
7745
4788
7453
5233
4138
5786
4419
4911
3287
-3054
1080
2425
2777
6920
6613
2565
7459
10235
7051
8361
7461
7274
3274
4231
6139
5734
6723
4250
746
-910
-1116
-2146
-3299
-6156
-7639
-6935
-8867
-5434
-10316
-6035
-12267
-11574
-11736
-7439
-4278
-4006
-8479
-1979
437
-2480
1287
456
-1103
1856
-654
-97
-1313
-926
1920
-460
4625
-377
990
4651
4746
10736
7168
6369
8505
4488
8807
12031
6166
4121
9368
8502
7972
7903
4102
5022
3555
-1413
-366
6618
3586
4624
3247
2017
1953
2177
976
-241
-1093
434
-4453
-6296
-2270
-10392
-9170
-8655
-11985
-13626
-12383
-13124
-12959
-11278
-13008
-12379
-6701
-7296
-4456
-2991
-3264
-4073
-3090
1816
1482
5672
3855
8329
14822
12930
13849
14126
13147
13042
12312
11937
13142
8779
10911
14134
9740
10349
11742
10563
10369
11051
8522
7707
7352
7555
4896
1294
4642
2426
1392
2723
-484
-230
-770
-1813
-3502
-5611
-5828
-7575
-9372
-10016
-11502
-12153
-13070
-15007
-13623
-15012
-14405
-10670
-9946
-11751
-5069
-914
-5725
158
6007
4556
6577
8530
9006
8012
5257
12235
12165
9431
18380
15591
16054
16141
10109
11030
8226
12035
10692
5196
7297
5560
5567
4839
2184
7797
450
5397
-91
-710
-2091
-4674
-6655
-7462
-7859
-7811
-9725
-12892
-13546
-14650
-15852
-12187
-14336
-14025
-14872
-15356
-13003
-18758
-10738
-17027
-19059
-13475
-7481
-7918
-6072
832
5500
2878
4193
7618
9287
14010
14363
10897
16456
19048
13143
12128
15067
18141
16501
17527
15623
10706
10962
10579
7711
1074
10752
4069
4509
3330
387
-438
2208
966
-459
-6593
-8207
-4357
-5601
-7358
-13125
-12933
-11664
-14981
-17451
-11916
-17458
-11960
-7925
-11402
-13027
-6148
-4652
-6207
-5653
753
-183
-3136
-2816
-880
1778
4287
5129
-4015
5109
9726
9384
14938
14477
13563
15574
15478
14242
15106
13911
14472
13896
13577
11905
10889
9423
8731
7368
7147
4138
-121
3296
-586
70
-2637
-3300
-4402
-6910
-8164
-8715
-8271
-8744
-8338
-9665
-5425
-2784
-6218
42
4570
2149
2768
3850
4938
3705
5890
4240
-412
3902
3224
1068
510
-33
-1360
-4299
-5270
-2849
-12
-746
-1006
1309
3731
3823
8251
2549
3226
8946
3920
2586
2554
2501
3825
3416
1938
2190
-55
-2203
213
-4343
-5611
-5050
-11357
-2754
-4191
-5152
-3184
-2659
635
2705
4107
6046
9183
2193
4402
3014
4852
9780
9054
4687
5004
9621
7221
7613
6407
5740
1759
-568
-1394
-3929
-4707
-5593
-5588
-8407
-10567
-10116
-5655
-5843
-9321
-5364
-8112
-6967
-1143
58
-354
-456
-19
-1545
-1069
-37
1155
-93
-605
-726
-980
2103
116
3338
3847
2459
11229
2454
7140
14528
6407
13764
13476
11348
12262
10373
9583
11834
11646
10847
9241
5609
5149
6788
6941
5812
3284
645
-2354
-1945
-1471
-2451
-4138
-6518
-6852
-10804
-11675
-12141
-12750
-15373
-15958
-13243
-14434
-12422
-15121
-11983
-15734
-17264
-5946
-5189
-3101
-479
-1919
261
907
3400
3988
6968
2854
1032
12990
15891
9617
17008
11287
14283
18305
9829
11597
12482
12086
18173
15215
13822
11125
11600
11099
9908
9020
7889
6769
4969
4164
2168
1776
1096
-150
-1429
-3577
-4802
-7228
-6670
-7291
-9614
-11031
-13066
-11482
-12528
-12518
-12780
-13981
-14442
-14386
-14026
-13656
-8958
-14801
-11212
-4218
-643
2527
3416
6691
8351
12583
12806
15574
16852
16064
15490
15821
17607
15734
16063
13910
14462
14119
5377
8703
8184
6094
5949
5376
4394
1866
2254
-1264
2118
161
-3869
-2124
-2553
-6795
-6184
-5234
-4164
-11360
-5987
-8335
-6379
-7389
-7094
-13701
-15190
-11832
-19309
-10489
-11894
-17646
-15337
-15002
-7835
-6316
-11447
-4698
-2081
-2229
310
7654
9806
10559
10928
9328
13212
13150
14221
17281
16159
12934
13973
11407
12503
13315
11942
12293
9066
9192
1797
2520
4864
3120
623
1687
3050
-3143
672
995
130
-1888
-1346
-3255
-4312
-4379
-9939
-5904
-7273
-8268
-9339
-9375
-12775
-7440
-11120
-6960
-1991
-9315
-11418
-7084
-359
-6754
-6351
-3656
-29
-7814
-3282
-1862
979
-365
-636
5690
7555
11042
10823
10099
11347
8391
8377
9944
9102
7807
5563
4129
9434
7113
7684
7678
8879
9833
1285
5072
6623
5792
65
168
1340
-3734
-2383
-2765
-7498
-6851
-3717
-5048
-8845
-8371
-8388
-8054
-1878
-7138
-5332
-38
219
-1291
937
-813
-3079
-1220
-2874
-1753
-4624
-3989
-4151
-4101
-2972
-4782
-4081
-2620
-2951
-4559
-2378
-561
1068
2983
2682
2775
9531
10400
5295
10554
9077
10561
6475
7239
12146
4239
6709
5147
6846
6650
378
989
857
536
226
-1144
-1672
-462
-1257
319
5852
-74
-1268
5324
919
1960
1672
2257
3914
-1231
-958
1235
361
-347
-1374
-824
-2547
-1172
-2699
-6485
-8962
-7574
-7681
-9604
-8265
-4226
-7654
-6533
-6607
-1400
-3183
-4017
814
4927
2350
3710
3130
5408
4379
5831
5217
3476
2694
556
984
412
3760
-2727
833
-1113
-4048
1368
4639
234
-1427
5561
4903
3372
7188
7823
7075
4368
1589
1911
2463
686
693
-2796
-3837
-1055
-2358
-2249
241
-1393
-3713
-2732
-2197
-1047
-2211
-6555
-5660
-4505
-4165
-4369
-6139
-3772
-4448
-2375
-3754
-5758
-4695
4120
-695
4714
-176
-272
2312
2564
661
1326
1685
4208
4274
3692
9709
9498
6156
12622
11730
5704
3133
7916
4445
4419
10081
529
5792
4252
5010
6441
4993
5170
4848
2444
3620
7059
6837
-2187
-2409
4359
23
104
-1036
-2883
-886
202
-3033
-6399
-7097
-7444
-9675
-6935
-9621
-13469
-11707
-14633
-11973
-11241
-11989
-10448
-8840
-6968
-4679
684
-1723
1119
7012
3274
4080
9908
9099
9630
12211
11429
10268
12517
13165
12720
16665
10086
11945
13177
11504
13429
13249
11545
5071
8183
6819
8389
9339
6738
5161
4857
3697
-95
892
129
-1211
-4416
-6361
-6326
-3700
-9922
-10008
-9158
-9191
-13556
-15773
-17586
-21048
-15961
-20973
-20587
-21326
-15445
-12202
-14695
-7387
-6580
-1664
1751
3790
4490
7526
5657
7544
13319
15402
11438
15515
19055
12488
14668
10863
11916
14965
13843
12255
6691
9645
12744
12687
11401
11354
3953
2567
4332
4278
3781
-382
-1648
-3071
-4648
-5294
-2198
-5277
-3860
-5672
-7677
-8707
-16410
-15423
-17956
-18347
-20213
-21654
-21112
-18026
-16644
-17661
-13208
-17792
-9464
-7374
-5622
-3189
-2786
-3758
6115
11159
12674
13405
11287
16651
16496
15053
17729
18197
11509
13533
14739
16663
16000
9142
12087
9815
10019
5185
7061
6020
3098
5302
3031
-655
1566
-1659
-1784
-2037
-2841
-3170
-4311
-7008
-9978
-12606
-11194
-11116
-13139
-13775
-11131
-13101
-12344
-7035
-9635
-8820
-4692
-4226
-5064
-961
-1578
-4176
-6385
-3066
-1424
-1507
5905
1974
521
1399
4126
8187
8908
12568
12119
12585
14344
13731
13747
13893
10768
11156
10600
9062
8219
8424
6138
4787
8052
34
306
2195
-2042
-3124
