-5180
-5277
-3024
-1511
-967
-62
-1743
-1082
-579
1064
3392
2518
-1653
-3984
-1736
-3459
-5054
-4550
-3896
-425
2280
2109
3182
-571
-229
294
-1751
1417
-1564
-1495
-229
1861
7021
8038
1811
-5565
-8254
-764
4119
2689
2601
2728
3470
3484
-345
-4215
-4797
-4758
-4445
-3328
-3616
-3449
-2331
-1737
1301
2674
-280
-820
144
-1555
-683
-586
-1785
-1987
-1705
-630
1673
557
-2861
-3254
203
804
510
-2203
-443
-1112
1728
141
-2806
-499
-2627
-1713
1947
1616
-355
76
-2209
2349
5030
2600
-123
-1611
-1725
-1186
-1319
-3323
-526
-1726
-3035
-852
236
2001
2135
1369
3224
2092
3372
-1433
-3736
-2312
-2521
2541
2767
6458
1902
-48
-83
-1325
-464
-1100
-4040
-6898
-7642
-3397
-2452
-1464
-836
2318
3226
1750
0
-622
-1079
909
2292
3492
2440
630
3331
2790
0
-1188
-1950
-963
-2213
-4336
-6855
-7082
-1
2464
940
-1783
1864
4238
1673
-1450
1403
4922
3715
472
-4626
-6249
-3936
-3314
-873
-3156
-7248
-5775
-2860
-3513
-3543
-2194
-2589
-800
2941
1559
1602
1920
1154
3347
4285
3863
3232
3643
314
1114
717
-2732
-1919
-1554
-397
904
1086
1996
3360
2312
3708
5099
1967
-692
-841
-298
-50
1730
3555
-250
-1263
1006
1128
1473
4103
5395
2580
-878
-579
840
177
805
4937
3332
823
299
1249
1174
-3934
-6060
-4526
-2664
-469
474
-5279
-7623
-4485
1044
5292
292
-980
-211
755
-936
-4033
-5951
-5564
-4857
-4242
-1360
-1451
-854
-3593
-5406
-642
4324
4750
-2924
-7082
-3621
-3580
-4266
-2430
-6379
-9511
-6688
-1413
1513
3024
4978
4696
2161
488
-3296
-1711
540
-549
1612
895
-675
3111
5622
3168
4130
3880
400
538
3648
3959
1222
1191
3123
4239
5009
4065
4634
3103
-650
-1411
-2908
-3192
-3912
804
1877
-3106
-4427
-4596
-4114
-1430
517
-3555
-1441
-1054
1399
4012
2137
2678
1693
-2399
-4538
-2130
-1769
1804
887
2767
3642
1830
2295
5442
5053
531
-1974
-2198
3814
6964
7222
4423
2808
4430
5777
7023
5202
289
-3952
-5669
-6618
-3174
-2771
-5401
-2447
-4929
-4058
529
-642
676
2411
1314
1332
4502
3910
3997
6661
4750
558
-1
519
179
-1873
-4740
-2448
623
1131
-1725
-5876
-6174
-3698
-623
-2854
-8014
-7848
-2333
-136
-755
2020
2400
-2018
158
5212
5752
4483
2301
41
-3888
-4173
1653
3857
2069
2235
1142
2685
4028
3714
-332
-372
1531
-267
602
760
-2079
1010
2926
5632
7426
772
587
1232
63
720
-856
-1218
1157
-4845
-7582
-3736
-6545
-2741
-2419
-291
3484
3940
5138
2669
-278
-3379
-10532
-12710
-7363
-5427
-5395
-5620
-2317
-1018
458
2395
6271
6112
483
-2100
-2690
-2111
-1250
560
3544
1837
-1674
-1461
47
5287
4050
2283
2871
3219
1089
-1488
-1741
-4551
-6859
-4811
-6090
-4855
-2375
-2278
-1641
-482
234
-1579
499
2885
5659
5161
2082
2878
2885
8429
8292
7702
6939
4654
2494
-3224
-1860
-925
-2844
-318
1534
353
-933
1618
2299
7206
5429
-1910
-1745
-1824
-2252
-1360
380
1729
1625
454
489
4095
2405
-373
-1794
-3416
-1608
-713
1555
4846
4400
6055
9948
8810
5668
-1122
-6322
-7056
-7514
-10066
-7426
-6066
-3400
2414
2647
1803
4583
5929
6165
5723
2829
4264
7595
5466
-534
-1505
-2336
-542
-2917
-2424
-3363
-5506
-4250
24
-576
-5733
-5993
-7714
-7678
-5616
-3523
176
175
-2800
-2687
308
-1199
843
-1171
-915
-2635
-3737
-3214
978
1220
-2170
-1963
1982
4894
6174
4027
3488
1836
2798
3879
1405
-500
-2654
-4006
-7013
-9437
-11893
-8059
-2930
-722
405
1889
3912
4801
5594
5846
6824
6433
6020
8376
10194
7761
1438
3382
3430
-3726
-7426
-9710
-7858
-3878
-2715
-3159
-1885
-1646
6111
11031
11366
8184
5989
4209
831
1116
-3514
-4465
-5928
-10673
-11244
-8360
-6028
-9450
-6206
-345
1108
2336
1154
-860
-2436
-11
239
-486
3712
4206
4972
3216
1262
3545
8545
8632
7878
3627
-1916
255
2566
5517
5940
3487
-1617
-3732
-5871
-5656
-3190
-5455
-4726
-5870
-6287
-7532
-6577
-3348
-951
-1132
1811
4142
-397
-1757
-2423
-1413
-3162
-6527
-2261
2977
6938
5524
2192
3365
2896
4447
5407
4647
1666
1627
2135
2647
-865
-3452
-5350
-2829
-318
-2905
-6129
-8744
-6608
-1258
6063
8059
4526
386
979
1177
2982
4890
1880
2012
-22
-6563
-2952
502
5598
8094
2860
2159
1307
3275
4313
-831
-2821
-2648
-4335
-1271
-526
-2798
-476
3191
4721
3874
1006
3521
3605
2598
2264
15
-3025
-5182
-6030
-5531
-5509
-8113
-7322
-7930
-7241
-4640
1591
3664
-3239
-8715
-8605
-2663
4474
5095
3418
3926
1833
-407
4224
5512
3913
4623
6339
8258
7537
5644
2565
2537
3653
2609
5943
5987
2335
-449
-4644
-9076
-7399
-3203
-4568
-3249
-2411
-2777
219
2178
1258
-1127
951
6000
7583
7305
3688
1851
-1275
-2972
-1242
-1085
1833
4781
739
-352
752
-145
-1383
-7374
-6354
-614
802
3263
171
-5111
-4060
-619
943
-1199
-4364
-4654
-1836
-2303
-2676
2698
1277
398
39
-590
1283
780
2999
690
-1206
1160
3840
3216
1196
2248
3495
1266
234
-1783
-2749
-2588
-3041
-3479
-6226
-4383
-571
2229
1150
-110
1787
-680
-1657
-196
1964
6353
3912
2762
189
-4184
-4622
-3943
-3750
-3187
247
983
-1518
-5385
-9149
-6905
-7347
-2325
3070
1839
-115
-927
380
1325
664
-988
-469
330
14
3052
2580
986
4549
7018
6626
3801
-1130
-2229
-370
2786
2097
2803
-3
-2202
-90
356
1049
1240
5866
7684
4670
4500
1459
1434
1658
5566
9808
10946
4625
-489
-2046
-3514
-710
-1012
584
2643
4698
4620
1731
-1968
-4228
-4363
-5280
-4521
-6051
-7835
-6667
-5503
-7723
-12888
-14510
-12173
-6366
-457
2693
4197
7607
7897
6617
5054
858
-5146
-9596
-10376
-9583
-6733
-3692
-3238
163
2175
3826
6294
6368
3747
168
-1083
1124
5953
6675
7843
4873
-10
-4013
-3769
-756
4039
7039
4025
-319
-1683
-1305
-310
-1611
-386
-78
-2829
-4950
-7167
-4058
-2302
-4344
-2979
-2070
2885
10044
11193
10154
6182
3746
4693
4050
860
-4063
-7881
-9078
-6008
8
2354
3635
3387
3453
4495
1021
3689
5721
5643
6904
3367
2891
1204
-2488
-1552
3450
6196
8629
8591
3103
-241
-2372
-552
742
-183
-1717
-5995
-5594
-265
863
3078
2171
-67
-647
-136
-2039
-2014
-1254
-872
542
-1268
3228
5052
4260
1292
-2678
-5419
-1108
5618
4634
2555
855
4185
4553
4730
5947
2793
-1322
-6313
-6457
-6978
-7923
-5196
-4183
-1621
740
-1037
-495
-566
-193
1474
584
1614
3850
3459
1881
1777
697
672
-689
-3544
-3071
-3700
-7100
-9614
-10275
-6547
-3273
-5506
-4208
-2718
-1971
-1714
-1179
-2166
-3638
269
2706
301
1071
539
-1051
-1786
-3653
-3036
-616
-3967
-6733
-2342
-1395
-5509
-7003
-8882
-9634
-7660
-7223
-9100
-5858
-2172
3141
5724
2424
4002
5946
4057
1192
-237
-261
-1262
-3219
-4866
-2455
1581
2447
-2027
-877
2474
2910
4893
5130
853
-2805
-4412
-155
3487
2629
191
-3917
-7587
-8871
-5656
-2704
-769
-284
466
347
2184
6696
4124
-773
-3204
-3601
-1598
-3739
-9262
-9652
-2079
1395
3702
7143
2691
2320
6833
7198
10533
10355
4521
1654
-897
-528
1353
775
-1190
186
3493
6327
6824
1526
2570
5427
4719
3899
2298
-815
943
-2066
-9506
-10075
-10406
-7336
-5409
-3953
-3492
-514
1127
2661
3832
3933
4856
2140
-3501
-6909
-3672
-2376
-2411
135
1287
-41
-4246
-5405
-931
1137
2924
2258
2032
1505
-585
-1865
-4189
-2832
-1139
1292
2909
1448
1080
-1733
-2614
-2886
-2944
479
4928
5856
2721
3371
1835
3466
6309
4814
4546
418
-1628
-1684
1306
5146
2142
-3221
-9031
-11988
-11651
-11597
-10600
-8560
-7706
-7882
-10387
-11507
-11250
-9819
-4850
-1429
1350
1801
3902
9365
9907
9335
3401
3751
10035
11030
12081
9841
5947
4591
273
-65
1367
1157
973
6
1239
2087
1086
-1632
-4315
-5919
-7657
-7850
-5777
-5431
-5355
-2314
790
4113
2882
1513
3797
8172
9573
13025
13952
10305
8065
6312
3334
593
-4235
-3473
-2247
-4115
-4850
-3224
-2143
-1759
1799
4922
4680
6813
4248
3675
3166
258
-546
-2476
-4880
-5739
-7575
-8672
-5268
-1313
1161
5437
8809
10502
11013
8430
5321
2147
-1708
-4690
-3425
-6083
-6997
-6877
-6694
-1768
4529
4396
-409
-3379
-1495
1990
2311
4238
5372
4535
3070
3913
6219
11094
11217
5686
2400
-914
-2052
-2286
-2593
-3000
-2044
2704
3703
-418
-2345
-4038
-2962
-4282
-2796
-1440
340
3632
4589
1822
-1249
-2225
-4173
41
3196
-197
-666
-163
-1541
-2226
60
-471
-2542
-6282
-8734
-9524
-9920
-7610
-7705
-9689
-8358
-4508
1075
4178
3074
4236
4270
4345
5906
6129
6235
4844
4751
8383
7232
8075
8107
6951
7209
4732
965
-2036
-4308
-4335
-6665
-8454
-8292
-9799
-6417
135
633
-257
-1416
-475
2637
915
1232
1566
3078
5434
6204
5087
-222
-4142
-5664
-5626
-1398
1943
4376
6143
3427
1314
674
-533
-1761
-1636
-3670
-6374
-6710
-3047
-3610
-3564
1849
2205
-1167
-8620
-11103
-8021
-5402
-418
2369
2447
3167
507
1013
2000
354
846
-3228
-5977
-8513
-7113
38
3352
1355
-765
-3923
-5898
-4841
-2813
-1150
-1886
-1671
332
4388
10155
10913
9848
10088
10703
11607
15037
16946
11755
8023
1350
-3701
-3619
-5526
-7262
-3939
-3370
-3517
-283
1889
4836
7708
8348
7816
6476
5626
7269
9162
10076
5846
-1116
-1329
-462
-1976
-4660
-3492
1143
1875
2459
4606
4235
788
-3744
-6935
-6159
-6475
-5244
-8586
-12844
-10327
-9695
-9016
-5429
-1293
3440
6625
9066
13206
9839
5333
709
1247
-47
592
2054
2148
2090
3308
3421
4956
7470
5391
4420
4215
6339
4413
3572
5360
8371
7074
4374
4108
557
-1715
618
-678
-6136
-5290
-3658
-961
1571
1542
-2904
-6798
-7902
-8538
-3875
405
3545
8196
7411
3301
1486
3034
2551
2689
1842
978
1746
1553
611
-953
-2957
-6280
-7628
-6356
-5947
-5484
-2246
1021
6889
6067
1700
-3342
-5835
-4684
-3247
-1528
902
630
-658
-4674
-10752
-7059
-3470
-1488
-3629
-9588
-10409
-7490
-4263
-3928
-5210
-2759
2326
3976
4779
5786
4796
2074
-936
-1207
-1998
-1251
-2028
-1070
3518
8263
11125
10414
9668
9116
7669
4100
3980
4307
5723
5050
1351
-815
-4422
-6704
-4413
-651
-1631
-2712
-4029
-4705
-5056
-8204
-9448
-8759
-3812
434
-563
-3952
-4984
-1789
1999
3249
4131
3864
4184
2396
2258
4335
5766
4329
3026
175
-2342
-614
1270
3813
6900
8335
7466
6947
6603
7293
9396
6521
1519
2807
2952
1534
-1304
-4214
-4773
-4139
-5278
-4054
-721
-452
-655
386
104
-330
-2316
-3499
-683
1166
350
-3007
-4836
-4446
-4758
-6559
-7068
-5899
-177
2762
2028
4416
5022
7118
7848
5484
4683
5686
4838
1580
-2229
-4496
-4587
-3820
-2054
243
338
-362
-2812
-3355
-3396
-2499
-4131
-7125
-7310
-6931
-4010
-2265
-3983
-1576
50
1290
4835
4411
4220
4785
3803
2171
2921
4527
6535
7461
6191
2467
168
-227
-1876
-1468
-3895
-8559
-12526
-14569
-12982
-13692
-12145
-11815
-11162
-7168
-5502
-4131
-1244
-3404
-4771
-5935
-8772
-7463
-3592
-1360
-2343
-3579
-5257
-3730
-1956
881
2607
632
1661
1814
2618
1698
1166
1180
696
-512
-2365
-2167
-1366
-3957
-4900
-2897
-726
1516
6171
5930
5858
7048
9235
8077
2668
-60
710
1275
1554
-371
-1558
1849
2172
708
2213
908
2910
5685
6776
9422
6292
885
-4552
-8788
-9460
-7547
-6645
-4182
-334
1690
3364
2019
-2040
-3197
-5320
-6000
-2793
-665
1558
2239
-1023
-1678
-756
-2616
-755
-937
-4228
-629
-1413
-3529
-1865
-742
278
-2482
-3708
-2536
-1077
-25
511
2401
5699
6410
6367
6732
6372
6894
7727
5118
-2043
-7774
-8658
-5128
-3024
-3447
-4825
-6076
-5949
-2458
-383
588
1897
136
3159
4713
4589
5177
4785
3656
315
-3073
-4846
-2275
-1432
-4237
-3912
-2628
-1846
-1931
-2863
-3388
-2866
-5110
-9065
-9183
-7935
-6849
-2193
0
1574
3735
4522
5445
5591
6916
6753
5627
5740
2859
4447
3912
1843
-255
-1473
-5643
-8642
-6955
-3510
-3561
-4280
-1471
-23
3238
7743
8494
10103
9380
6207
4526
3110
440
-632
1898
2270
-306
-1820
301
796
2001
2832
4346
5273
2718
-146
-3302
-6420
-8744
-10113
-5272
-2427
-1624
-2233
-6571
-5168
-4023
-6916
-6554
-3595
-2362
-2999
-6384
-6395
-3862
-3621
-522
823
186
2376
1619
1642
953
727
1087
-890
3923
6329
5939
8553
7779
6931
6132
2831
4094
6602
6886
5499
1227
-949
-1829
-1565
-833
514
349
2168
1453
59
-2059
-4695
-2140
-1264
681
1450
785
-260
1778
2336
-557
-504
-1252
-2129
-1355
-820
-1330
-1798
-1211
197
273
-569
280
3249
6138
6405
3499
2249
3093
3209
-529
-1924
-4861
-3838
-555
-86
-493
-1036
-1028
1877
3273
3673
5227
3424
3394
2688
3963
5973
7727
5178
4360
3812
1685
-1408
-7567
-10691
-13026
-8810
-5402
-3168
-4727
-3771
-2677
-2126
-979
725
784
145
616
2246
2398
-925
-4221
-5693
-4734
-5893
-1330
752
1032
-2958
-8050
-4761
-2982
-767
-3087
-4810
-237
3144
3802
2061
-1246
-3991
-4640
-3371
-333
940
2610
6428
6883
6592
5334
2936
5329
7239
5044
1016
-3279
-7200
-7762
-6533
-5553
-1902
182
2910
6761
6649
7497
6826
5102
4146
3520
1773
60
1233
1944
1377
-188
-1033
-2137
-2591
-2072
-2040
-1948
-1848
-938
881
2751
3271
5118
4052
3538
3510
3033
2761
2089
396
1610
1292
65
-784
-490
361
576
-874
-2372
-631
-2642
-4198
-5052
-1316
2934
5484
4116
-240
-1509
-1910
-2301
-1825
-2011
-3234
-3121
-3503
-4981
-5158
-4194
-716
1998
1536
1339
3142
3651
4521
4993
5619
5981
5070
2307
-49
1661
2870
3832
2743
-2395
-4145
-4829
-5604
-2572
-824
-1672
-3810
-5242
-5584
-3647
674
2752
4889
8029
7432
4228
2104
-404
1122
1169
-629
-2204
-1893
949
2634
1583
1400
2802
3783
3488
1237
-1950
-1071
1686
-376
-2891
-4564
-3082
-1457
-1302
-3177
-3674
-2588
-1336
-267
-177
595
1919
954
203
-824
1642
2586
4250
3529
1255
-178
-741
-1035
-323
1105
-62
-2590
-4563
-5017
-1073
534
-880
756
3324
4237
3550
4062
2143
2534
2788
1591
1708
-646
-1031
-3162
-2706
871
2325
1025
-926
-180
-966
-3410
-4675
-3690
-1515
-2753
-5445
-4599
-5138
-5238
-7333
-7395
-4055
-4903
-3594
-2957
-2760
-1689
-419
1166
2077
3023
5472
6001
5147
6258
5439
3841
524
-990
1001
3000
1109
-922
-3891
-4176
-3818
-2505
-608
-957
-2137
-533
1894
3346
2396
1731
2309
3332
2351
1841
2896
5159
5526
4273
5179
5782
4869
3336
2247
1745
2039
1459
1705
2116
3347
5749
5240
3971
4500
1963
703
-1747
-5864
-4185
-3803
-3332
-1960
-1808
-1541
-2920
-2209
1202
2415
2685
977
-1545
-24
336
247
-591
-3011
-3791
-1563
-2151
-3039
-1162
1359
2287
3486
1237
599
1499
-635
-1942
-4058
-7035
-8651
-9847
-10231
-11973
-10593
-7325
-6469
-7288
-6854
-5662
-4958
-2138
-1190
-523
1527
1713
1367
2362
2096
4076
5505
8710
9950
11363
9153
6510
3796
339
-110
-1893
-688
-1051
-2636
-1172
26
1029
1499
963
-673
-1529
-321
931
1868
3266
2563
1945
3706
3400
3772
5142
5054
4814
6894
6700
5389
5158
3052
2488
239
-1966
-643
-595
-850
-2357
-2521
-969
-502
-1206
-506
1165
432
474
2282
2675
578
-3777
-4902
-3834
-2474
-1429
-1182
-1365
423
1244
-2928
-5822
-4968
-1723
-297
-1122
1038
1753
1504
847
-469
986
3394
3896
3640
3380
4250
4725
3466
953
-768
-875
-4037
-6610
-6761
-7192
-6003
-3574
-3894
-6862
-7285
-5811
-4301
-3949
-3176
-3753
-6778
-6469
-4929
-834
2079
-526
-2669
-2447
-2512
-1009
381
-1426
305
2244
-661
-4111
-4173
-2261
-1089
136
491
-227
477
1189
2730
1581
388
-1684
-3939
-7410
-10538
-12414
-11401
-8400
-6041
-3652
-3440
-2447
-1429
1886
7604
8263
9129
11376
13208
13491
10665
7805
5486
3973
1003
-1709
-4832
-4158
-1730
329
432
651
705
1893
2111
1747
1778
1465
90
327
1494
1030
529
1044
947
3340
4293
4332
5548
5378
6237
7251
4470
1079
-720
-449
-1700
-382
629
-1274
2645
3222
1538
864
-1652
-4046
-3287
-2385
1096
2957
1783
-2122
-4075
-2613
-881
1767
2943
3542
4929
6639
8547
5991
2413
-2387
-6108
-3353
-1386
-3419
-6677
-7012
-3850
-3086
-3240
-4197
-4197
-4403
-4588
-4042
-4787
-4714
-4585
-3215
-894
-110
2131
3730
3290
1637
-1997
-2005
1437
5301
7447
6462
6457
6225
5531
4544
3214
2964
2380
1602
1723
-1643
-3969
-1460
-229
-3043
-5709
-7693
-6591
-2949
-1937
-1362
-3987
-5749
-6288
-4009
-346
1524
3282
4793
4710
5289
7048
8895
8128
6750
6580
4089
1708
453
-486
2430
5482
4456
1149
-2132
-3289
-1617
-33
-686
-537
-2935
-6126
-5993
-4580
-3798
-2962
-2291
-2773
-3166
-6242
-5584
-4001
-4805
-4594
-5366
-4118
-3782
-3955
-1737
-1969
-2852
-3244
-3537
-709
1480
3593
5338
4711
4417
2683
-112
-3046
-3709
-3396
169
1095
92
-338
-2951
-4498
-4333
-3267
-2510
-1145
1308
4157
3914
3134
735
-1326
-1425
-2709
-1709
734
69
-1621
-3349
-3059
-2229
-2091
-118
3100
4737
5688
2532
-89
-1006
-2025
-286
-2205
-2475
390
2380
2119
975
356
2272
5872
4086
2383
2789
1333
3691
5291
-277
-3052
-3798
-5240
-5943
-4523
-5195
-7075
-5603
-5460
-3157
1149
-506
559
1099
-989
-156
1118
-2117
-3460
-845
1697
3800
3114
286
812
36
-2026
-4716
-4060
-7189
-8954
-4904
-4557
-1486
-1652
-4334
-3302
-1582
-117
2848
3087
1657
2892
3384
88
715
2223
933
2897
2942
-2059
-3308
-943
1711
7333
9828
9531
9015
5122
2666
4604
5923
5641
5506
7373
4645
3152
3131
-557
-2445
-1672
-1964
1745
2733
3142
2519
676
3922
4243
4250
5676
5345
7954
5730
1368
2155
579
-216
66
-3375
-6564
-7974
-7408
-5837
-6708
-3530
-2321
-5063
-6474
-4346
-5858
-3961
-1033
207
1486
1451
2113
-774
380
1500
-1568
-983
10
-1720
-3571
-6510
-5476
-4863
-5041
-3235
-3592
-1790
1908
3048
1298
-703
-510
3089
5195
5070
2822
852
197
-1370
-406
1994
3865
6730
2436
1239
4380
4751
3699
1156
-1894
-1953
1631
149
-523
-281
283
1117
1644
1342
-508
-1527
-2981
-3917
-4007
-3738
-1982
-50
244
-2756
-3002
693
2162
-1413
-5413
-3837
-1710
-3068
-5372
-834
4528
5334
2325
155
-2249
-844
-440
1260
3913
7128
6590
3721
3518
486
-87
-850
-1713
1807
1819
1104
-459
-4929
-5410
-2354
280
3085
4483
2817
1979
4454
3390
1551
1763
3329
6181
3401
1353
-1009
-4877
-4292
-5912
-2661
-2071
-2532
-1054
-786
124
-423
-668
-502
-1721
-2562
-3201
-4816
-4777
-5776
-4270
-2747
-717
-1552
-4356
-4343
-2922
-907
-3674
-5193
-3870
701
6751
9571
9373
8068
6274
5582
4852
3139
801
-1659
1452
-512
-2539
-1461
-1859
-1028
-3087
-3510
-2164
-2328
-4541
-6108
-4354
-2760
-2996
-584
1426
3121
3505
1745
2377
2052
1696
303
-2414
-2375
-2739
-2893
-2259
122
2339
2594
-2848
-6354
-6955
-5640
214
3641
3452
4875
6047
5839
3766
-318
-1665
2795
6413
5930
2059
2484
2962
2425
2402
803
609
2103
2587
821
-1483
-1113
-812
-2114
-494
2202
762
-2183
-2988
-1343
647
888
-475
-3494
-1713
4175
5816
2511
1753
4500
3094
1192
4642
6402
6557
4653
1265
686
235
-2259
-5223
-2816
-1016
566
1326
-414
-1932
-560
2753
4856
4618
3595
3096
1294
-2032
-2692
111
-3221
-3003
-884
-2890
-6102
-7289
-3842
-6059
-5750
-3420
-3290
-5022
-4791
-1806
714
-171
-2199
1834
2187
2330
2095
698
-2330
-3727
-5368
-4039
-2616
-5680
-2443
-2042
-4081
-2793
-3971
-3715
-3430
-1187
1104
29
746
-982
-3605
-3065
-1706
-423
-1725
-3030
-316
-894
-1027
-3163
-6121
-3010
-1310
441
389
137
996
-2856
-4452
-1720
-1462
-120
-1609
-1861
647
311
58
572
277
3504
7695
7022
5422
5113
7912
12821
12772
9237
9836
10303
11543
11952
9771
6431
2755
3508
6373
6786
7150
5995
3554
486
-2180
-3697
-4086
-3663
-2221
-2632
-1670
189
1781
465
-721
-724
-2924
-3177
253
-36
927
-3505
-6092
-6376
-5822
-4303
-4527
-4728
-4828
-2284
-531
220
-2412
-1807
-3762
-4537
-2240
-2563
-1954
-37
785
-633
-3437
-2853
43
2037
2711
1755
2084
114
-2286
-2432
-2483
-598
1576
5005
9217
9921
6618
4807
3383
3323
3155
1529
-703
-1415
-541
-795
-3129
-3191
-2047
-451
3462
2744
1039
-1231
-451
405
779
1384
1055
-737
-1188
-2485
-3614
-4287
-6062
-5299
-4044
-2248
-1226
-4757
-3829
-640
1020
2431
3187
4700
4322
1912
2229
3014
4410
4876
6222
5897
2472
-508
-1282
-3032
47
2817
-2133
-1840
-2300
-5106
-3808
-5159
-5971
-5103
-6840
-5903
-4377
-2694
567
1409
1627
2960
6155
8049
7843
6287
5325
5680
3805
3129
2133
1069
1086
206
444
911
-649
850
4642
6185
4333
2831
1994
-507
171
-1290
-2460
-3736
-6346
-7298
-4455
-1625
-4010
-8211
-7715
-1270
2181
5238
4070
1511
1085
-1309
53
3467
4741
3899
-1098
-5360
-3347
-801
-2606
-3028
-2714
-3298
-2185
1322
4663
6665
7571
7013
6961
6698
4618
3509
3220
4115
1411
818
3824
2601
278
-4143
-5702
-3672
-3447
-581
2591
2232
-1983
-2161
2553
3722
2834
2290
441
-1154
557
3016
2619
2213
4023
2054
119
923
849
1038
1362
2929
2220
697
558
1285
1566
830
596
-81
-2949
-6451
-4235
-5673
-4555
-5697
-6036
-5907
-7883
-8020
-8573
-6740
-3817
-2788
-3500
780
4119
3113
1032
1443
-485
1597
3355
2295
1743
-264
-2304
-4577
-7878
-7926
-5378
-2740
-3533
-4241
-2829
-3098
-836
254
987
1867
1211
1812
827
1908
3601
4052
5110
5707
3472
3499
5334
4536
1237
2791
1995
-912
-952
1022
1370
2549
-887
-2672
-1468
-1814
-538
1021
1330
788
2041
2723
3272
1665
3601
4096
4228
3001
987
39
264
1554
1487
-880
-3332
-501
4572
4403
3317
2520
2848
1320
1033
3002
-294
-1004
-1455
-644
-998
-448
1607
2589
2630
-88
-3264
-2681
1770
1935
-851
-2592
490
-788
-1652
-4365
-3212
442
404
-660
-4021
-4704
-5936
-1966
-43
990
408
-2445
-144
275
-1495
-2808
-3670
-1315
898
-2011
-5858
-3319
-1240
160
362
290
291
-4229
-3420
-3987
-2921
835
3257
6491
6856
4131
2153
-245
-1389
-1799
-5720
-10088
-10255
-11158
-10034
-9485
-7138
-4266
-1854
1319
4411
4207
5537
3933
3936
5266
3383
2078
3152
290
-2314
-3734
-5969
-1692
611
-2342
-3937
-5343
-1287
523
2092
4226
1871
3171
2537
-220
-1932
-6359
-3856
-2039
-5316
-3100
-3024
815
5599
5130
5496
7742
8336
5322
2372
2631
1217
410
-2942
-3014
2371
3276
3565
694
-1453
281
1470
542
-1282
-1739
-1786
-2470
-1936
172
-420
-996
-761
1623
2880
3650
6751
7132
6884
9763
9283
4928
4387
2609
1286
2115
-1203
458
-2675
-5291
-3336
-2301
-7526
-8187
-3591
-3143
-3289
-3700
-7017
-7169
-6827
-3549
-2139
23
1728
953
1950
1443
135
233
-338
-2609
-2765
-3179
-1747
-2760
-5176
-4518
-3274
-2108
-976
20
-1844
-1433
-650
-1166
-1082
1463
3981
3029
4174
2386
3250
5507
5275
6444
2888
1779
1061
982
398
-1765
-5103
-2904
-1757
-5362
-6446
-6859
-2391
3119
4109
2768
1599
1137
1331
1946
-838
-3042
-3885
-6838
-5210
-2441
-2577
84
-540
-1884
-1105
-858
-589
-3643
-3748
-5094
-1099
1096
-2972
-3424
-5442
-2847
-4595
-3106
-1903
-2241
-2154
-5230
-2862
-1757
-602
2238
4130
5364
2430
5495
6664
6394
2800
-155
4634
9014
7253
3839
634
313
649
505
-1938
-4515
-4963
-2832
-1435
-484
-1508
21
2178
357
390
-288
-1212
-880
1713
3317
4253
3484
2350
5026
4476
4467
4061
1101
245
2648
3736
7133
5740
1761
1205
-339
377
-1833
-5482
-3254
-1569
2
965
471
4628
3578
110
179
1267
-356
1045
259
-3571
-4140
-3951
-993
2277
2578
1893
1081
-460
310
-1356
-3508
-2016
-63
776
1401
913
3445
2526
-4817
-7311
-5871
-6272
-4892
-5330
-6153
-8876
-8759
-6759
-4216
-3611
-3675
-2135
-2995
-4010
-3672
-1248
1839
2466
958
635
-680
275
-689
-1059
-3859
-3070
1465
5051
6451
3433
866
944
3206
5131
4686
4735
4717
4062
986
-1100
545
-262
-2213
-343
1215
1121
-17
2302
979
-406
435
238
3828
3576
1684
3967
5067
7448
5418
2177
-1789
-1665
-3040
-1783
716
2427
7351
5414
2312
3636
3068
2100
2358
1703
-1013
-5739
-8213
-6708
-4255
-6873
-3941
-907
-1375
-3281
-1281
529
2118
-965
2422
6210
6658
1721
3564
6976
6270
5247
917
-4202
-4615
-6844
-8604
-7923
-8372
-9344
-3962
23
-406
-587
2443
6403
2985
1192
1360
-1463
-3655
-6494
-2819
-1175
-2818
-4677
-4695
-2116
-1626
-1292
-4358
-4794
-2605
-484
607
-1374
53
2369
2201
1873
-1168
35
-4297
-7723
-3986
-444
2501
5516
7660
7325
7774
5095
3007
5436
6772
5337
4006
3889
2245
300
-3609
-2201
141
-2336
-210
-546
-734
-1805
-3536
-4427
-5734
-6515
-1630
342
-1527
-2142
-1077
524
931
-741
-176
4660
4028
5254
5459
5648
7873
6368
3795
-460
-2851
238
2108
1217
1871
-24
-336
23
-733
-577
-2824
-1613
1091
1828
4837
4790
8147
7759
1015
-1334
-3932
-1778
235
57
-833
-3043
-8533
-7554
-2866
721
1532
139
-32
795
-241
-1768
-1418
-3179
-2217
-50
1056
64
-892
-2648
-1339
-1858
145
1350
-1254
1930
3821
5406
2638
2482
6752
9699
8098
4240
5269
4734
1317
-1010
-3618
-6336
-4968
-3466
-3261
-2895
-1509
-921
-1697
387
1625
2883
4910
1439
-327
-2838
-1967
-1478
-3853
-4741
-3004
-2209
-1721
186
170
-1573
-1768
-1721
-3095
-1452
-44
-4459
-1555
2116
-1547
-1216
182
-467
2112
-707
1276
1965
178
-3963
-4981
-3732
-2150
840
2650
1745
-487
-1893
-1129
2046
4755
-175
-1552
3304
-284
2413
6944
174
4580
6639
3451
1137
565
-2483
-3122
-2519
-3096
-2684
-1964
2388
3613
2100
2852
2314
4179
5530
4999
9
-260
-1711
-1948
949
1965
3973
-340
-2044
2629
7244
4713
2841
3707
4102
5864
5457
3719
2318
1530
1436
961
-364
-2291
-2642
-1466
871
2854
972
-576
-2576
-3724
-4741
-5737
-3162
1153
3651
4376
5345
6258
4629
2720
838
-69
2307
1630
1335
996
778
123
-2418
1190
-128
-1465
-3399
-1826
-3962
-1932
-1637
-6285
-6357
-5504
-4991
-3629
-4306
-1477
2433
1750
-268
-922
-1718
-1997
-1765
-2500
-173
-4410
-7212
-3482
-4773
-1540
-2890
-1313
-2177
-2718
2674
-2237
-3305
-4340
-4240
3957
8327
9401
10317
7681
-1331
-2446
1700
4188
4324
1250
-4241
-694
1050
-1737
-4250
-5605
-6079
-3183
-2708
-1402
-1666
-730
522
-907
1940
2220
-846
-213
2924
3247
2809
1582
-383
-2513
-650
1119
3257
3985
4995
5722
2691
-505
-1154
4103
2273
-3751
-1976
-1435
-4473
-3946
-4898
-5425
-3093
-2437
47
-270
2223
3804
3006
2025
5341
6645
5619
6535
5750
5214
3431
1464
1905
1207
4751
2195
804
2534
1079
130
507
-2270
-4161
-5252
-5412
-876
-1215
-2301
1804
-442
-1819
2306
351
-1666
-2638
-3690
-1919
-6265
-10797
-6341
-6307
-5854
-3354
-2658
268
-2626
-2159
-2683
-491
2471
4709
6437
3766
-1335
-3115
-5438
-8189
-9859
-8426
-5765
-1863
924
4197
2762
-2284
-215
-522
1379
5149
6713
6430
4139
2615
3602
2025
2594
838
-776
-374
-719
-2098
8
1331
2120
1391
-2040
-1153
-411
2030
3458
4109
4263
4009
3125
-472
1313
2525
278
2607
1646
2492
2540
933
1837
3611
2261
-959
-217
-1185
-527
-1211
-1475
-1469
1022
2586
1260
650
-280
-2314
-2409
-770
-1855
-1948
-1027
631
135
1250
3860
1557
3165
2073
663
3039
1449
-327
786
2821
381
498
3568
2306
101
-3578
-4738
-3349
-4243
-4860
-4252
-4142
-5740
-5925
-4399
-3498
-1241
-2048
-2810
-3232
-5789
-8431
-6318
-4879
-4563
-323
-288
-677
-1198
-3009
-2774
-1518
-1172
-1273
-2696
-3647
-2589
-1102
3720
1274
-1689
-36
2156
3641
2120
-2040
-3781
-3009
-1539
1590
1660
-754
2902
2750
1537
-205
1725
4515
5437
5042
2963
-1895
-1970
1003
-330
1501
4954
8259
8899
3801
2921
4719
6749
4153
1701
-982
-4057
-5567
-2028
-543
-2821
-4722
-5716
-2338
1244
3455
4220
994
-1230
-1696
-291
242
-4602
-3885
1673
5325
4963
3188
1472
-2260
-6217
-4767
-1483
1858
2371
-2666
-128
-690
-1475
-284
-1669
-3229
-3105
-2623
-721
734
-1817
-1070
-122
-1409
-1554
-2226
-4272
2458
4290
2007
3086
599
-1601
745
-1465
814
3391
1629
732
-1928
-2723
-1779
-53
-1204
-3699
-3968
-3182
-3469
-2329
-674
-2128
-6629
-7021
-7012
-3562
-1889
153
2355
-2955
-2352
428
4709
6337
3877
4370
4866
5577
7333
4900
5134
1226
-2732
-1027
332
1507
-1016
-1859
665
2315
1819
1875
966
1598
577
-1663
514
1124
1408
-227
-2071
-897
-910
2526
3406
1130
2246
2316
871
-3682
-7113
-7137
-1094
1795
1350
-334
-2335
-1466
-2218
-4681
-4075
-2470
-3645
-3573
-4640
-2990
-1682
373
1710
1453
1367
1268
2107
6696
8310
4994
4270
3061
785
114
-1909
-4387
-5127
-3740
990
1789
2387
-516
-2468
-2752
-2211
809
1403
1235
819
-324
-122
2657
3200
4214
4437
206
1198
2882
4721
4640
2780
2382
2497
3000
6023
4710
1752
2263
2977
4442
4212
-32
-1080
-2888
-4410
-4299
1628
2117
433
-481
-2983
-2009
-1698
-2495
-2305
-1561
-1394
1101
-1197
-2937
200
-1650
-3743
-4878
-5943
-5811
-3604
-1639
1546
2165
1125
-2
2483
2070
2120
3841
1347
-296
-3768
-5199
-2388
-1859
-1860
-1395
-722
1539
-1322
-5302
-4082
-1552
-3695
-5974
-3355
-1916
-3702
417
1955
1728
3518
-250
2935
6797
4929
5086
4074
4215
2954
-1006
-2608
-1508
576
2563
2008
1609
3217
-785
298
533
-753
-642
-1799
-1836
-938
5467
8185
6414
3429
-70
-1956
-923
-550
-1156
-111
-737
-1879
-493
2139
5811
5429
5428
4250
1663
173
-4061
-1218
1198
-143
290
2916
2013
2140
2069
-209
-1096
-2292
-2325
-3363
-3714
-3581
-3450
-2522
-450
-163
3509
3474
709
4276
4495
3561
1183
-948
-651
-2383
-6305
-3851
-2
-1376
902
1674
753
1554
1297
-3047
-4605
-3995
-1671
1777
1080
-643
-3407
-152
3822
795
-2400
-814
2079
2041
965
-58
-420
1383
3225
1463
-1782
2158
3465
1541
3914
2725
2392
1590
-1480
-2254
-954
-2923
-1257
-1326
-1162
2502
1607
1588
1916
-434
81
-837
-788
649
179
-364
-1981
-2204
-1222
-15
688
2179
-405
560
1899
566
1673
8
-4830
-5412
-2303
-2215
-3742
-3964
335
-1331
-2591
-2635
-897
2746
3842
53
-3362
-3792
-5537
-1867
1274
-1301
-679
4814
7220
7002
5267
109
-3312
-981
-147
1174
2792
1419
2478
2981
3025
1876
4
-1464
-1031
2665
3194
2766
167
-2183
-2968
-1347
1597
45
-500
-2249
-3708
-3134
-1532
575
-1859
-3856
-4689
-3809
-1337
-2031
-5111
-4763
-1999
-984
-205
-27
-1566
-3985
-2784
-1789
866
3454
3427
5375
5329
4815
5148
4197
5229
3471
4316
1918
1462
2492
1480
3930
1493
-453
-462
-1362
280
3056
817
-523
-1700
-4984
-5253
-6192
-4270
-1807
-3195
-1543
815
1171
1254
383
-176
2565
5627
6695
3733
2833
4742
4474
3563
3898
6070
4086
2685
42
-2870
-4518
-4717
-3891
-5495
-4650
-5061
-4194
-771
-464
1588
2541
2375
1310
-905
-928
1472
-1355
-3921
-6170
-3473
501
736
148
-1807
-3850
-3605
-3414
-4784
-4171
-2868
-4483
-7854
-7373
-6424
-4718
-301
3088
6213
7151
4789
2229
628
-3438
-2386
-2512
-2226
-2518
-2427
-725
-2691
-3475
-4462
-3514
-1637
-1267
-350
-4322
-4011
1313
2562
1929
-928
2583
3318
2358
1254
-125
-470
-2299
-2280
1049
-567
-26
-173
-550
2566
2192
3635
4752
3369
6076
5227
2349
3856
1849
960
-2114
-3582
327
-527
2384
2485
1851
5011
2204
1202
308
-4383
-2749
-2496
-1316
560
-1955
-1472
-1467
-5162
-2779
300
1800
-3558
-4462
-5374
-3417
2107
3841
4788
3148
3676
5300
4488
4026
1524
2016
2554
1603
2153
2582
1177
2143
1224
1860
5471
5148
3305
1774
1390
2178
3794
2308
2118
-1766
-2536
889
1534
-1851
-2094
-3362
-2184
1236
-1828
-3466
-4793
-5729
-3208
-902
-334
-1254
-3799
-2861
-1671
105
-875
-923
1151
1485
-266
-1439
-1652
-1181
2287
3890
1964
-505
-2932
-2624
2400
2801
2972
5642
4679
3575
1783
-159
-896
-2790
-4816
-4663
263
695
-2278
-4900
-6523
-3117
-3607
-4192
-3281
-2676
-1147
-2222
-1115
-667
-871
280
1766
2990
3034
2499
4114
3443
5387
5084
2444
1603
2059
-527
-1057
2422
2628
373
3357
3463
-2031
-1564
-1037
-2101
-594
-2190
-942
-1209
-2275
157
-548
-525
1530
-557
839
-1246
-3011
-1873
194
1316
776
79
107
-302
-3961
-5727
-1494
-540
589
3703
2847
1314
807
-1109
-1540
-606
-936
-645
-1963
-2591
-1397
-1033
-115
-4078
-4754
-2383
361
1671
720
917
847
86
1385
2616
3985
2627
2352
3251
1231
-1717
-906
263
915
-1047
6
4030
4361
7109
9872
6754
4463
429
559
901
4555
5789
4400
4733
5039
3391
2785
3653
2627
2859
2205
1216
4943
5820
6103
6469
5793
3613
469
-1497
-2615
-1755
-2509
-1996
-2200
-3088
-3636
-3797
-4789
-7015
-8627
-8377
-8343
-8422
-7182
-3922
-2841
-4745
-4859
-6329
-4437
-2914
-2956
-1495
-5439
-5140
-3766
-4049
-3746
-4803
-4208
-1265
-273
-3454
-3617
-5481
-4887
-5315
-5997
-3898
-3266
-2044
-1756
-1579
-146
1333
2334
5249
7872
7056
3273
3366
6496
5096
1365
1952
796
-1397
-868
313
-97
765
2269
2093
-893
-3272
-640
-1650
-1122
2652
4877
2638
1824
1097
541
-827
941
4398
2966
1273
1404
2240
4706
6535
5593
5739
3327
2768
4280
2687
3701
2351
-1285
-2459
-103
4208
3141
2597
2105
1200
-627
528
-583
-3710
-3208
-5820
-6079
-4584
-8434
-8681
-8390
-6345
-3914
-1700
-1754
-2233
322
693
-1040
-500
1734
3654
5573
3034
859
-1285
-2371
-4170
-4234
-1990
-1789
-1147
427
3967
937
-109
564
-1237
-923
-3055
507
1020
-98
1781
-784
-1025
347
-2299
-1270
1277
4642
3423
3317
2625
3784
4683
1009
1583
-1519
-3511
-677
-1052
-421
-1499
14
-1425
-162
837
1206
210
-1736
1010
1143
1918
-538
-1083
1163
266
2938
938
-933
2476
1370
2146
-4540
-3191
700
1673
6337
5063
3661
2997
1930
1491
2801
1377
-2376
-4832
-3465
-464
241
-721
-2952
-1434
-389
657
-3111
-5272
-4108
-623
1564
-716
-1717
-3787
-5871
-4423
-2900
-3223
-3326
-2137
-262
311
-849
-1925
-243
4023
7268
7276
5402
2356
413
1109
-258
-1222
116
-915
-13
992
1295
-1145
-2359
-867
-1775
-1638
-1858
-1514
1162
2682
1403
-304
-2009
-2939
-4644
-4287
-2711
1171
2189
2139
3422
3077
3024
914
928
-1937
719
-72
-1845
-2001
446
-2743
-2661
-2019
-1956
986
887
1801
2316
2980
3479
4066
2376
2034
1572
774
155
435
175
2726
2948
2640
1598
-581
-655
-856
-3099
-4155
-2375
-1838
-1060
-4368
-6822
-3549
-1931
905
1264
-1674
-1803
832
2528
1593
-947
-3369
-477
-1371
-5569
-2969
-2970
-3588
-970
-2941
-1979
-2582
-2894
-4593
-5364
-3268
-1484
-1254
-2396
-2089
-1607
-1073
937
3158
-259
1227
3290
3706
6062
883
-2226
-2435
-5492
-5429
-4022
-4899
-1192
-1017
-3711
-1510
650
1286
5012
6309
4560
7815
8329
9684
10545
8196
5431
2704
831
1611
1970
-418
-2443
-4841
-4173
-1366
1780
-3445
-5487
-3899
-2251
-1224
-2749
-496
1039
1170
4799
8265
4046
5861
3029
3770
7926
3545
3656
575
-1921
-1961
-2941
-1722
-892
295
1252
357
1774
1796
1748
5054
4645
3633
823
316
-2159
-835
1092
3828
4988
356
-654
-1550
-6225
-2153
678
-3816
-4429
-4806
-6553
-3358
-441
636
-1978
-3571
-1536
-2715
-1978
-1802
-3119
-1719
334
-969
-3631
-6667
-6174
-1423
212
-533
-2435
-6086
-1556
3532
4715
5233
2373
885
2525
2001
2973
2101
2452
280
1094
2439
104
1628
1405
-380
-1359
-498
-1189
-2710
-637
-2527
-2950
478
1901
-927
-2299
-4121
-4293
668
2654
3140
1442
630
185
1001
3598
3264
679
211
-1095
3265
6568
2953
1162
-1448
1082
2920
195
-572
-1014
-2141
-4940
-6847
-5258
-2393
98
573
663
1302
2485
5549
8809
2891
-729
-3474
-2561
-1949
-1873
1208
1777
2107
4124
8275
10835
6215
1191
343
-2488
-5202
-2490
2345
1271
3436
5727
1605
2338
470
-632
-16
508
-1426
-845
1238
-3132
1589
2495
2877
5597
1395
-147
1148
3050
3315
1117
-2140
-5204
-7821
-8233
-8004
-5111
-3385
-3457
-1798
111
3313
3445
331
1258
2735
4097
5365
1987
1479
4259
1516
1911
-3007
-5286
-2890
-3941
-3287
-1229
952
4105
4633
3652
2224
-1042
-759
-1662
-2532
-4237
-2875
2315
1312
253
384
-1831
3415
5021
1827
1496
2281
5257
3485
-1571
-1016
1883
1787
-337
-1910
-4451
-5907
-3430
-2738
-1753
-1067
-1137
-3532
-4751
-2039
-1298
-1932
730
1778
1065
1917
236
-221
-1342
-3774
-3382
-2241
-1153
-1839
2246
4793
6045
6247
1132
-5274
-4620
-1147
-62
78
-60
-872
-1392
-1597
80
20
-223
2182
-146
-2820
-1982
-3288
-1740
-222
-2930
-2290
-2012
-1022
3194
2919
4165
5363
4728
5061
4024
4168
5653
1940
1171
282
-450
-37
3231
2066
-573
-2053
-1687
48
2524
6368
5830
3425
-919
209
3166
-355
-1834
-1697
-436
-1879
-6401
-6500
-1012
-1855
-3208
-761
521
164
841
885
-698
351
813
1699
1571
2235
1824
209
-2081
-213
2284
1088
-51
-908
-2704
-2497
2276
3498
381
-686
761
1194
-683
1601
3676
3417
5457
6929
5077
4911
3773
3000
2822
-286
-952
1914
356
886
-1328
-3686
-4537
-4518
-4883
-6373
-4357
-2166
-3694
-4923
-6047
-6151
-2760
-1208
-806
-3097
-3417
-1332
-1986
207
-255
1393
-1270
-4462
-3228
-2260
-2412
194
1412
1294
387
-2029
-3416
-597
1563
1367
5043
4452
2561
2
-163
4327
7777
6820
2416
-3540
-3740
-4956
-4273
-3743
-4167
-3274
-4844
-7297
-5074
-2235
-1326
-933
-573
-968
-226
-1996
-329
-1231
-2403
-226
-320
157
3892
2574
3495
3113
4102
4846
7424
6357
2868
-1466
-96
3677
5517
5668
3525
1400
-1303
-3252
-3976
-7220
-4924
-3708
-2423
-3210
-4914
-7371
-10315
-7783
-5914
-8028
-5652
-1360
1666
2164
4059
5107
3228
2207
5103
6590
6750
6377
3765
5303
4370
1367
2501
3516
3541
2809
-147
640
1890
-972
-5160
-5162
2323
3291
2250
1216
-1949
916
5360
2953
-903
3361
-3088
-1496
463
415
39
677
4359
-604
-298
2049
2081
5212
5342
3331
2625
2495
3526
-1823
-1815
-240
-4554
-351
-856
-5928
-6158
-7111
-2920
-1705
-3774
-2994
-3131
-957
577
-678
-1748
-3369
551
-87
-2578
-765
1205
1987
347
1892
2650
2956
1344
-3983
-6129
-7026
-5809
-3832
-254
426
-380
-830
-784
2688
2997
380
-1121
-866
-778
182
1885
5584
7923
10021
7861
507
1248
-226
-947
1958
-3087
-3833
-897
-700
4330
3560
2374
2407
-1428
362
412
-3044
-3007
-3621
-5217
-5839
-5749
-117
4968
2370
911
269
-1078
-1095
-3778
-4183
335
3909
5556
1966
-3971
-3199
-2696
-2920
3286
3008
-1480
-1553
-1162
1486
2410
3172
3997
3357
2213
2409
4059
54
-1698
937
-2153
-4170
-1833
-3120
-169
2607
-1385
579
-557
-722
-1535
-3782
-3113
-1021
2887
-1946
623
2590
1853
2222
1185
2466
3058
983
-809
865
1948
4474
5052
2207
371
2351
4081
1635
1849
0
-4092
-3248
-292
-1548
1257
1432
521
1299
1868
818
-2875
-4168
-4186
-3326
-3803
-3606
-2248
-1971
-3146
-4706
277
2168
55
-3842
-4089
18
-457
-1007
-2269
-3309
-1134
438
1918
3485
2179
2523
705
-952
-2355
-2089
-3108
-775
-742
-490
-1595
-233
2274
411
-474
-4302
-5852
-1852
1825
2842
5642
6239
4040
4251
6033
3752
-2518
278
938
-1277
-2802
-1915
3564
1593
1664
5824
8279
6866
5396
10310
10621
8753
7801
7715
6863
4388
-84
-1505
-2465
-3330
-1747
-77
431
-1747
-4389
-319
-2896
-5717
-6113
-6024
-6533
-5621
-5015
-5033
-3390
-681
-954
-936
-2590
-4599
-4681
-2318
-4588
-1256
1213
-1496
134
-5310
-5359
-4893
-6889
-3328
-3537
-3559
1830
-1870
-1564
1585
-3301
-6196
-6140
-7424
-8089
-9043
-10889
-6895
-4146
-3452
-3396
-58
3442
1017
-2070
-4579
-3996
-2091
150
1643
6584
8020
9184
11468
6983
5808
4266
3740
4721
2893
3386
4575
1047
3443
2914
4912
5546
2542
3906
3077
2431
1785
473
179
3437
4796
2604
3790
-969
-3028
-2630
-2081
1299
939
-1915
-710
919
114
4202
5863
4076
2021
-1096
-2745
-1471
-1955
-2277
-595
-20
-1594
-788
-1589
-1671
1454
1862
125
3160
2564
2694
3590
1873
1754
-928
-945
454
-34
790
-2214
-2724
-1106
-2109
-796
99
-800
2221
4224
5015
7121
6015
3858
1280
347
-657
-2349
-2175
-6231
-5454
-4944
-4663
-5389
-5663
-3298
-2214
-3124
-1949
-1815
-2968
-7280
-7830
-4999
-4076
-3208
-6353
-5511
-3519
-2943
-1161
1811
2473
2313
2129
1828
3591
4094
2863
1916
2587
4324
3210
282
-1980
-511
113
887
925
-1752
-2785
-1596
1835
1538
-396
-1833
842
-700
4
4263
1786
4270
5687
6205
6002
5401
5291
6732
4004
2313
1476
-911
1293
1738
1952
-246
-3255
-1920
638
1003
356
157
-1870
-3531
-3377
-2282
272
2122
1367
2067
2294
2891
2368
2121
848
1575
2453
2555
-988
-2847
-914
180
-177
-1922
-782
-495
-2894
-1434
257
-3626
-5270
-1722
450
3753
4610
1021
1384
1635
950
503
443
398
756
-3057
-6653
-3077
-826
-5094
-4846
-1998
-3336
-3921
-7033
-7401
-2495
-1705
-4665
-2732
265
2259
1100
-2422
-1306
-2029
-2031
-716
365
3312
1613
-283
1134
2528
3960
2985
355
-324
2984
2605
184
2978
6355
5171
403
-2525
-803
1251
3913
2278
1318
-2214
-3741
-809
-283
1753
3473
1313
233
312
-1864
-2905
72
1417
490
-544
-1398
-959
4038
4049
856
5618
5152
1125
-22
-3280
-1805
425
-1089
-2563
-3231
-4200
-4904
-3148
-2139
552
1490
-1872
-1137
1443
211
-3452
-7123
-4695
47
52
1372
292
-1910
-1704
-4124
-4564
-2330
-3078
-5723
-2854
1358
1047
914
-1852
-3518
-3645
-3396
-718
2651
1839
2644
4123
5347
5043
5366
2946
-1338
-1159
1432
293
-2761
1272
-3732
-8013
-4721
-564
-172
2381
2937
660
598
733
-352
-2132
-4661
-1507
-1680
-905
1751
69
-3791
-5103
-3963
1591
5187
4432
4139
2807
-613
-2446
706
-563
-1256
-1108
921
666
-2399
-1922
3895
5115
6680
5852
1085
-456
2437
3807
4006
5845
2504
981
718
-331
48
1738
3030
764
2197
1380
-3028
-5083
-3231
-4240
-3906
-5568
-6613
-5494
-4499
-3035
-1025
-2391
-2756
1445
4266
2499
6301
5271
98
425
1468
3092
-1626
-2078
-3530
-6929
-7476
-5691
-3074
-1049
-1560
-1128
-119
-73
-1191
-2751
-4022
-8892
-4974
-1848
-1830
-4081
-4634
-6319
-8418
-5090
-5669
-5553
-2784
-604
116
3010
3511
5751
5144
4632
4014
2795
3250
2458
724
-2223
-120
3499
6675
5718
5000
5421
7071
2541
291
-1248
-3175
289
-771
-934
2810
2483
-1535
1497
2013
1183
985
716
3496
2406
1590
1091
-3065
-2120
-3412
-2150
-87
164
670
-3157
-5730
-3301
-1575
989
3600
1524
-73
-1988
-2457
-618
2136
2642
3475
2258
4203
6771
4032
3058
2132
2293
1017
773
-609
-2305
-1255
-377
1772
2206
1042
1037
113
-507
-2119
-1552
-92
2934
515
-4315
-5333
-4966
143
-1481
-5135
2262
3939
-1608
-3752
-5608
-6529
-3926
180
437
2137
3401
771
647
901
1460
138
-4490
-2882
-620
-1243
-1064
1879
741
1884
6293
3394
2474
4621
3728
-1078
-2280
-904
2168
2637
2800
2732
1240
-902
2104
3866
433
831
2266
1950
1832
1539
3713
6504
3903
3314
2762
-275
-1765
-5752
-6445
-5194
-5174
-2932
0
-2665
-2464
-4427
-2437
2636
2197
3671
2849
922
-2739
-4822
-984
-3547
-8229
-6055
1019
5117
5744
2699
-1348
-1951
-2315
-1947
-5014
-7505
-4521
-2380
-2285
-2093
-2678
-342
-625
-29
-2433
-3391
-2886
-3136
-867
-2941
-2536
842
1525
5983
3640
-2921
-3836
12
4909
3201
952
1762
475
1631
4641
4438
374
368
3406
5418
7612
5960
1882
-998
1077
3737
1760
193
1380
4708
3320
3725
4386
5334
873
2685
4469
1544
4286
8825
6475
2318
86
200
2243
-1448
-2269
-1976
-3644
-2610
633
1252
4355
626
-816
-2974
-5419
-5884
-9706
-10249
-8931
-7422
-9595
-3951
-1398
-1830
31
-1652
-2180
-4044
-5032
-2819
-3857
-4489
-73
1195
3674
4271
-274
1971
-287
763
2663
-2092
-455
2935
1576
2315
7752
10208
6532
1725
-739
1823
4342
2001
8
-2979
-4663
369
717
-2658
-2935
485
2778
2426
-995
-5797
-2514
3588
6364
6811
2225
0
3575
4125
2825
5135
2764
-2893
-2484
-1152
-4468
-5780
-5577
-2518
-2663
-3811
-3285
-4718
-3398
513
-1618
572
6595
4522
2440
2001
1522
2502
2958
1307
2128
2045
-1881
2159
3656
1548
6337
7494
-294
-3387
-2572
-1635
-734
-646
-2756
-5613
-3236
-3899
-7375
-3670
-1003
387
3869
223
-2748
19
-24
-4631
-4034
-651
-1614
-5425
-4610
-2022
-695
2590
2360
1207
2181
2907
3353
5375
5782
6684
986
1572
-190
-5226
-1431
-544
-487
-3512
-5815
-4545
-560
5
-931
-3130
-1422
415
1942
-1310
-3887
-1370
1814
724
-939
-2131
-1469
380
673
1216
2131
650
239
-3425
-4098
1650
4113
8179
5382
-49
-432
1466
1234
416
-362
-2934
-3384
1165
3628
627
-3025
-3725
-1858
-1009
2613
657
-434
1570
-1755
1637
2652
2003
1641
969
1446
-498
3806
5645
2036
-1198
-3857
-6450
-3618
1589
1923
2222
-1447
-2745
-1744
-2833
-4830
-2447
-3923
-4854
-1394
1291
3207
3102
-1752
-808
344
-1453
180
-1677
631
317
-3827
-5965
-6130
-5669
-4442
-3116
-3479
-3462
-1439
1672
1473
765
777
-1305
2533
4827
4108
4531
2316
1181
2020
1720
3263
-647
-884
-601
2090
7142
5914
2838
950
-90
-1625
-1499
828
1857
2008
2997
5289
2985
1327
417
-1272
-984
-372
655
2105
1576
653
2613
4964
5853
5329
3038
3014
2981
3943
5202
3167
2980
1325
-2139
-2014
-3069
-1558
-1952
-5658
-5986
-6727
-6103
1638
4250
3561
462
-1315
-348
-2896
-2062
-610
-2874
-1573
-840
-4412
-4806
-3100
-3334
-1580
-2118
202
-486
-2183
2865
3973
1095
1595
-4854
-6599
-1562
-2336
-4072
-4815
-4669
-4458
-1309
-5514
-4886
-1959
538
4400
-2014
-5982
-3730
-2144
-86
3706
-357
-4156
-4464
-871
3854
2819
798
163
763
-343
302
748
-389
-3163
-1750
2171
2888
3660
3571
3934
2741
2554
2647
-51
15
-706
-1540
-963
-1433
1940
4594
1629
1868
2486
4269
3512
3993
5883
2381
-1978
130
886
1177
94
1749
6100
8109
4164
200
-2076
-5738
-5327
-3462
-2437
1455
3460
2735
-227
669
933
-433
86
-534
-3
-217
-58
-3342
-4862
-1514
-175
-41
-2600
-793
-79
2599
7405
6266
3479
2132
1767
100
1280
-3717
-4116
-8881
-9247
-1950
-332
1003
1484
-263
-1174
838
484
-790
-2500
-1222
-2213
-2611
1228
-967
-1018
2564
4059
1769
203
2965
3115
2585
1977
379
2160
2273
1882
5703
2452
-3366
-2327
-1260
-5096
-6074
-1828
3040
-2099
-2333
-2800
-2283
1239
1481
215
552
-1943
-5683
-1546
2917
1836
248
-881
-1551
932
974
1486
1318
1303
-251
-201
-730
1818
-26
-1598
-50
1077
5250
3252
3272
3893
5067
3801
3200
1181
1385
-578
-3266
-1915
-1329
-817
3238
1650
280
-4699
-7188
-6607
-6679
-3785
255
426
-2604
-3903
-8569
-7194
-3279
-4483
-2566
873
2233
1660
99
1104
1983
-474
-1790
1623
7709
8546
3322
1052
-1694
-1957
269
1611
5476
4122
1559
-1709
-2817
-1860
521
2231
-2390
-2334
-2037
-2290
941
-938
-2219
181
633
-2372
-288
2242
6062
6356
-63
-2261
-2470
-1960
489
1690
1150
-1171
361
736
-215
981
2420
1062
3766
5763
455
-3403
-6411
-4248
-48
3277
4779
402
-4206
-3533
-147
-1264
-164
5208
4606
1762
438
1912
1710
3619
2941
2661
1564
-1754
-3504
-1447
79
50
14
1264
3977
4836
4222
-862
1667
-1098
-3989
-1607
-1297
-1883
-130
778
1927
-733
-4778
-3613
-2005
152
2155
-1799
-8895
-8553
-4365
-3425
-1215
2071
3799
7068
2578
3861
4916
1078
586
1341
361
-3305
-1523
-2127
68
5326
1520
-89
-251
-1830
-1493
-219
-467
-2595
-4442
-3224
-1115
1227
1037
-1384
-260
-2813
83
3832
6215
5224
3608
4804
4012
3341
553
643
557
3242
5560
3595
2101
-351
-601
-2841
-1787
167
2605
1562
62
-4537
-5989
-4310
-7341
-2020
-3344
-3945
-4274
-2748
1961
5757
5441
4067
3132
3393
4609
3944
3313
1599
2477
883
-309
2201
3657
3351
-876
-1752
81
2644
867
3463
3431
2410
1714
-1947
-496
1121
3846
904
-3683
-7064
-6466
-6674
-5726
-3205
-2863
-637
2525
2027
-1959
-4209
-4013
38
196
-1588
-4347
-4044
-486
1715
2242
1526
-1596
-6559
-7372
-5119
-2632
714
-1434
-5717
-7895
-5135
-2605
-2451
-4245
-3407
-1694
-1671
-1542
784
-272
4
-605
-1534
-3804
-8814
-8623
-7170
-3428
-272
4854
6735
1196
-1806
-3437
-3395
-5462
-4136
1192
-2389
-2435
-2217
164
-1859
-6324
-8238
-10364
-5893
-1298
530
-1030
-1197
738
1006
2733
3532
2563
-47
536
2332
4153
5980
7091
6961
3131
3118
4836
3155
5604
8650
6198
7921
7168
5619
5751
3306
4993
1693
2543
6653
5505
5131
6602
2178
2025
-1886
-3129
-2358
-3213
-4643
-4533
-3242
-2625
-2970
-2683
1392
309
4377
7924
5031
3507
-2902
-1311
1500
983
2614
-845
1445
4168
4656
4698
1566
-820
-4184
-2821
-2628
-6157
-4406
885
1499
886
861
2173
3012
2263
1349
92
-3006
-3339
-43
3670
-298
-2717
-633
609
2633
2985
-930
-235
382
151
-648
-1432
-4860
-3544
-2967
-2791
-2616
-2095
-372
-641
912
4727
7914
2528
927
1606
-1492
-647
1688
731
21
102
2236
-4421
-4747
-2100
-264
2001
181
-2685
-3347
-4671
-8185
-7085
-3683
-2673
-1704
-1541
-4036
-5270
-3808
-2633
1406
2770
688
627
-2401
-3300
-2448
-4311
-8145
-6511
-4751
735
948
-2275
1506
-584
-2790
299
-2369
-4252
628
-1707
-3512
-281
4556
1439
-3320
-5077
-4981
-439
1623
-972
-1902
398
3167
-339
-2931
-765
2019
6422
5721
4215
1659
734
683
158
1088
6263
6246
5063
7101
2180
372
3582
860
1498
3323
2677
2238
-1494
-2899
1623
2578
3765
9722
9271
5055
498
-753
2616
2237
-1258
-1306
638
1472
3082
3430
5272
4842
-253
-1522
-2693
-3695
-1022
1820
1797
-692
-2247
110
829
1819
-403
-4268
-7365
-3432
4578
4898
3705
3627
1853
2317
1635
-3885
-3130
3016
3921
3001
2635
2667
1796
1014
-2640
-5079
-3155
-4346
-4811
-4775
-4220
-4914
-5615
-6571
-6305
-6813
-3453
1525
-2334
-2723
-1330
-5029
-448
-869
-874
298
247
-3149
-3781
-2896
107
3645
2584
-1144
-2710
1480
6791
2150
-2049
361
2935
576
-722
163
-417
-1542
-221
1874
-3736
-5775
-6051
-6806
-6385
-4973
-1246
1030
1176
625
1715
3626
1959
3167
3954
2416
-203
1056
5755
7765
4954
-1432
-47
2037
1828
-1762
-2757
-941
2259
4073
5690
2985
1501
745
-1591
2554
-190
-4890
-7289
-11321
-9743
-3969
-469
-1400
-1664
287
4144
5571
6285
2356
-945
699
2745
1233
25
1605
-722
-2028
1534
23
1294
5392
3757
-1221
70
5342
4795
3057
-1097
-3010
-1640
-586
3311
3171
384
-964
-3566
-5703
-1975
-3659
-4138
2256
2860
4488
2955
2688
1513
2294
4079
5647
5410
1545
-525
434
2987
3023
-373
-2964
-41
3120
3737
3279
1579
-1023
-2626
-4909
-5791
-6625
-5950
-3309
-2079
1439
2542
1496
1933
1515
216
855
2417
3461
1754
-1935
-1670
1301
4236
5261
1292
-2803
-3828
647
1615
1238
2147
1140
35
1512
1951
2974
2642
3587
2232
180
1448
-1171
-2248
-1845
-640
-993
-2575
-3435
-1788
-3789
-2783
-5896
-4845
-1292
-605
-647
-397
-710
-3858
-1574
171
2749
2395
-58
1094
-822
-1658
-549
170
-2818
-5782
-3305
-1753
-2737
-1912
84
1044
-1318
1077
9392
12149
11138
11968
6001
5798
8301
1503
1691
2309
732
-2348
-3841
-2805
-987
1208
-426
-2842
-3469
-3288
-5080
-4067
-2048
-2323
-1222
-754
117
-1472
57
907
-929
-4299
-7821
-3327
5486
2392
1876
254
180
1131
-1898
-170
-2797
-422
-374
-1563
-2866
-3476
-4665
-5994
-6705
-6768
-4925
-2916
-5727
-4714
-400
1738
810
479
75
-1131
-1292
-3020
-651
2076
3354
3019
5384
4865
1838
431
1207
4271
3693
-2933
-3226
-1494
2514
2819
-3099
-1881
1322
4498
4558
3423
127
1497
3115
1337
410
-1620
-1285
616
93
1719
1525
2689
4415
4899
1433
-2455
-2191
-1637
-226
4886
6092
4168
591
-2486
458
1049
157
490
850
1119
2491
460
1142
2620
4572
7446
1504
-5605
-4696
-568
2222
-376
-853
1754
-2042
-6421
-5883
-4634
-2449
-4937
-10069
-10403
-8684
-7389
-3972
-3455
3193
6172
3540
3940
4080
6295
5022
1336
3104
4621
3954
1612
-4231
-5796
-7638
-7106
-3043
-3502
-2328
-4359
-7234
-4882
-6268
-5541
-3371
167
-965
450
4008
4288
5129
4443
2174
225
240
-1665
-3144
-2216
-49
-1581
-1132
-3468
-5623
-3252
-1073
1808
787
-4120
-1289
-1982
-5
3262
5837
6322
4419
108
-2034
-754
-462
2308
286
1763
3643
77
-8278
-9066
112
3693
6902
5558
4471
6187
1835
-951
-305
502
3692
4324
5505
5142
916
595
3093
4236
4945
2744
-1598
-2452
-4372
-3557
-3445
-2627
-785
-1754
-2349
346
671
-612
-3268
-3753
-2316
609
1421
4949
3122
-4348
-5446
-4100
-387
1777
1793
2591
2997
2406
1618
2281
2674
4527
6294
3049
2605
1417
855
2310
5334
6967
6559
6213
7398
6019
-1309
-6788
-8812
-8879
-6270
-2452
-3863
-5860
-6021
-5636
-3418
-2452
-1761
-3197
-1749
197
501
-1219
-2195
-4069
-5914
-550
2447
-2128
-4694
-5193
-3086
1014
-839
-3439
-1978
795
3048
412
1279
2294
4437
6143
3264
2290
160
2644
4473
3772
3291
1504
-626
1552
1169
1590
471
1913
1422
1944
1221
-446
771
1685
654
2578
3372
227
-3043
-5336
-5661
-3736
-4761
-7814
-4740
-3722
-4298
-2047
978
611
-2149
402
3690
2415
3443
1255
2598
3199
-1049
1158
-1333
-5458
-4248
-1235
1089
2547
-152
-917
1820
5009
5178
1376
1512
965
2439
2293
3272
3632
1607
1639
1140
16
-1620
-3932
-7052
-8604
-5530
-4717
-5340
-5476
-7389
-6209
-1944
984
2625
7942
7500
6844
8572
7485
7559
5413
3254
3373
1665
989
-13
-4279
-3884
-1330
-333
2923
3983
4275
5504
1534
1794
1202
1693
3360
2695
2630
-723
1523
1343
-1634
-1440
-1301
49
671
762
158
1273
-862
1904
4755
9221
6995
1348
565
-1607
-1602
736
-1457
-1527
-3594
-4021
-339
652
620
-413
-2910
236
963
32
-2588
-3486
-57
2018
4179
-1711
-2747
-2577
-2993
922
-282
-1574
1122
1147
1878
3331
898
-2140
-6690
-6692
-1931
765
587
-1280
-3302
-1156
2396
4356
2369
-1071
-1156
1107
2616
-764
1800
2336
-2546
275
1278
4455
5627
3026
1057
1068
426
-5533
-6093
-1069
306
1294
-817
-5627
-6609
-6969
-3239
101
-3005
-3065
-1197
-4407
-2277
1288
-150
1803
-1040
-1376
477
-2358
-410
849
-1501
-1966
-410
-2821
-6920
-7991
-7125
-7415
-4969
-344
7563
7927
2766
548
660
3493
5122
4994
3693
1983
284
1246
1667
4863
6512
603
-1041
-1583
-2259
-1236
-627
2208
3005
841
-2200
-2703
-3285
-3056
-2163
995
-175
-475
277
1712
3354
3727
2052
1367
3669
2880
-332
2062
1394
1606
1782
121
1545
1001
-3595
-6565
-5902
876
6500
6640
6733
4638
1918
-3535
-6600
-5526
-3277
-3566
-4250
-5573
-8135
-5710
-6434
-6021
-2868
-2653
-2817
-84
-924
-776
-897
60
3786
6129
5764
5101
5149
4340
4668
5285
4707
3730
79
-2793
-4118
-5867
-1975
2028
3020
6698
6350
-1953
-4706
-8356
-9325
-9277
-8680
-5422
-5092
-4592
-2839
-96
651
2051
3446
6804
6261
5291
3641
1077
2000
2266
854
-1247
-2620
-3001
-1286
-1829
622
2333
2821
4246
2993
1805
519
2616
5982
6909
5990
1266
-1432
26
3539
4365
681
-2990
-2825
-2198
-1131
-2540
-5534
-7591
-6704
-3845
-4232
-2228
-1051
-2204
-2731
-1358
-312
4023
5307
98
361
3799
6537
4817
545
-355
2294
3618
739
-604
941
-1103
-3743
-3439
-1974
-3105
-2717
712
2574
2778
4080
6318
4207
1636
-1768
-812
2824
4484
2935
2240
3630
3893
5335
4309
4717
3439
1500
669
-1956
1924
3678
1465
-443
-67
256
-2250
-4953
-2854
-2806
292
1293
-3407
-3008
-1532
1092
1095
1039
-1422
-2305
-1687
-3644
-3255
-2903
-3791
-2938
-2806
-3185
-2609
910
548
-4445
-4685
-7319
-5610
-3392
-751
1696
1687
1086
3886
2058
-126
150
1187
3195
1350
912
4248
5118
3229
-719
-885
622
911
1327
-3326
-9044
-5695
640
1053
439
621
-1008
-1730
1115
21
-3145
-3237
113
1441
4168
1553
-946
-1530
55
2734
3316
2789
2985
2472
1080
996
3372
2091
3058
3194
3042
4441
5594
2100
-2329
-2664
-2442
-2530
-295
-255
-2676
31
1527
3516
3730
2393
2868
2217
-90
-3135
-5483
-2548
-1589
-1591
-1228
-2348
475
3106
2067
1208
3234
5007
2013
984
-415
457
2442
1962
-960
-5524
-4420
84
4032
3680
1328
2319
1899
-312
-1689
-1818
-2538
518
2044
3348
4507
847
-1336
-3598
-3965
-3175
-6170
-9658
-7362
-5029
-1855
2676
1761
104
1706
642
-2873
1557
4758
-678
-4200
-3184
-1283
-380
-4802
-7778
-7596
-4683
-3425
-3417
-3802
-4326
-2358
-346
3409
4517
2693
-860
-1773
-217
-954
-379
-487
-2410
-2581
2426
2803
-571
-2015
1202
1037
2115
3136
4467
4634
1019
-917
-1117
-380
4073
5861
2010
-1874
-1229
-308
34
2498
-319
-3032
-2896
1684
1037
292
849
2882
2882
3907
5809
3807
-1813
-4203
-3392
-2793
-2684
-3638
-5250
-3042
-2608
-1706
-451
1532
357
1473
1489
2179
4102
2108
328
-2921
-3844
-4371
-1707
-3715
-2375
3756
5806
6736
5552
3262
2146
148
2055
3349
727
-2355
-5155
-6698
-6945
-5121
-2172
-3756
-1346
2435
-169
1547
2710
2135
4254
1081
524
668
929
2658
-502
-813
-1153
-4081
-5524
-5652
-5888
-2107
629
-1866
-1943
-638
1366
362
-899
876
-32
415
1274
208
849
2217
758
-3194
-1292
1477
294
900
4003
4080
3619
1481
-1116
-1175
1025
-583
-2630
-1774
-3029
-1003
19
-1619
-1683
772
2123
4839
5714
5620
3804
2051
2872
1749
172
578
668
-834
-1685
1761
2921
-1401
-3545
-2834
-1134
-3221
-3527
-5165
-5127
-3626
-5025
-3118
600
787
-3196
-4882
-6272
-1684
-376
-1742
1929
3836
2108
1279
-5
-919
1094
-444
-2290
-715
-2469
-3397
-1842
-564
-2178
-3629
-2727
-1734
3504
4714
4125
3392
-414
-1154
533
5375
6768
2599
-2270
-2649
-2037
707
-745
671
1237
-573
-3497
-4722
-2590
-432
1911
-14
-2472
-2055
-967
347
2498
577
87
1078
905
-296
-3155
-2755
-133
1985
4630
68
-3840
-2669
-1649
2997
6481
6077
2710
2641
-810
-1565
-1500
-168
2233
450
-175
723
-1329
-1077
461
-761
-2904
-3040
-1520
-766
-1086
84
2547
772
1630
5249
5188
3540
3611
6705
6474
6890
3433
919
788
1197
4411
3667
3720
3109
967
-582
-1217
897
-672
-6279
-4856
-2159
-1481
-4707
-1936
2830
3671
2224
83
1169
465
-1386
-4824
-6779
-5369
-4512
-3206
-4895
-7675
-7172
-6897
-8196
-8648
-4687
-280
-499
-1398
480
160
-2111
715
3081
3045
2970
1677
1373
2177
1918
3047
-206
-1082
-2181
-4762
-3365
-1852
-717
2129
1602
-1884
-3062
-837
3288
2162
-505
891
-725
-4231
-3773
-2649
-2683
-3693
-2586
322
261
-644
22
1426
1689
-608
213
2753
1539
3703
4582
4793
4467
2952
3297
3300
5525
6090
4176
5171
5817
4514
3207
-383
-2344
-2648
-995
1126
-48
920
-1271
-3884
-3153
-4056
-967
-98
-1320
1917
813
960
276
-1195
517
378
87
956
232
-816
709
-1030
-2956
-4188
-7715
-5813
-1498
-1155
-367
-311
-2563
-2451
-784
-1887
-1456
-176
1132
1597
3168
1097
-916
290
1649
459
-2393
-4358
-3329
-543
1702
3450
5468
4957
4696
4611
5033
6532
6568
6860
6052
5582
2890
177
-55
-3200
-2655
-2640
-2145
-2281
449
2470
3793
4908
4542
6447
6543
4432
1619
2059
-8
-308
-1951
-2540
-1301
-5046
-5968
-5203
-1239
-875
-1827
-3799
-4122
-2528
1730
4250
1777
-1802
2399
3005
2301
336
-2130
1791
2043
2048
2431
2625
411
-3175
-3384
-1487
608
2347
1024
166
-2
-569
-1895
-2920
-4225
-6948
-5743
-1512
1000
-1179
-3910
-2016
-131
1784
3352
943
-2756
-2346
-2089
-5499
-8525
-7333
-8383
-4601
-1956
-3858
-4409
-4876
-4181
-1381
884
3153
1853
-1330
-1811
745
2285
4126
3970
2006
3030
2579
3275
3711
1359
915
4388
4650
2991
1550
-232
-603
-1985
-1196
-609
2406
4032
970
-275
-614
1071
2957
4218
1287
-2270
-2960
-651
116
-314
473
-854
-963
-4170
-6223
-5466
-4973
-3112
-2112
-266
1453
1482
-1805
-2744
-808
237
1203
2226
3578
5379
3957
4906
4181
4469
3596
441
-213
673
342
973
1137
2668
608
-587
1693
2057
3097
3063
1244
-317
-829
-725
-2474
-2196
-4033
-5460
-6255
-5084
-3121
-3761
-6403
-5295
-1198
606
659
-222
-1570
-2174
-1380
-899
202
269
-69
1370
1619
383
-1222
-2762
-3057
-2096
-2772
-2634
1107
3283
3912
5358
5511
4267
3720
5444
5051
5360
5001
3116
20
-249
830
2118
1481
-2129
-4638
-4902
-5415
-6513
-5629
-4680
-6723
-7259
-6027
-6320
-4855
-1106
2382
3648
5755
8403
9256
8206
6341
3259
1448
487
-352
-822
-2012
-3719
-3102
-3571
-2374
-1343
-1620
-2052
-661
2350
5543
8989
8694
6214
4636
1919
-2272
-2049
95
399
1045
-7
90
128
678
2996
4476
5369
5427
3353
3790
2436
-469
-4413
-6133
-5328
-4540
-1824
-316
-1467
-3374
-4943
-5458
-4555
-2484
-462
1356
3156
2370
1134
1186
4478
6660
5594
446
1073
5638
5034
1797
377
28
385
2940
2434
419
-964
-1674
419
-1131
-1061
1222
1583
140
-4559
-3241
-1780
-1127
1609
1013
-527
-3765
-2919
-616
149
1291
1092
-208
-1140
-1650
-1687
-836
600
426
98
2899
5354
3915
1670
-2087
-3427
-602
2189
3340
3534
3018
1986
964
256
524
1736
3720
3039
3067
2332
425
761
-511
-144
678
1818
1826
2326
892
497
1301
-312
-1407
-2454
793
2024
-1102
-4106
-6959
-7242
-5473
-5414
-5360
-3123
-1902
-1373
93
-358
-2341
-482
-611
-1348
-769
233
2482
3916
5180
3661
827
3395
3527
1500
-173
1730
4136
1102
2489
2726
3155
-164
-1320
852
619
1280
2222
91
-2433
-1870
-2152
1661
6080
7462
6294
3046
3664
4455
2278
373
-976
-3705
-6136
-1891
-961
-3043
-4953
-6731
-3741
-476
148
-350
-207
427
1946
5152
3136
2845
2928
590
-1283
-2579
-1142
-1625
74
-927
-3574
-4340
-2359
491
1650
1470
1554
3665
6988
6821
4016
2782
1123
-1463
-4540
-6944
-4112
277
1431
1395
-26
-472
-256
283
778
-924
-1219
-1503
-624
-1430
-3065
-35
2109
2565
1568
624
678
278
-1422
-2126
-2666
-4037
-2058
-2013
-2062
-158
892
-189
-778
-510
-3747
-3015
-2069
-1025
4156
5850
3453
1488
-1463
-1978
-1560
-1780
-3074
-2629
-730
526
2147
2527
1989
801
937
344
527
-300
-1452
467
-1218
-820
-364
-244
671
3902
2452
-1671
-2865
-4544
-6003
-7425
-7364
-3634
-960
1870
1760
872
2576
2099
-1596
-2406
-3178
-319
1987
1127
-1022
-2993
-1871
-151
4445
6439
5260
5320
4659
1587
-1107
-2014
-324
1734
3254
2928
1374
-2165
-4496
-1441
1935
2304
2366
1070
-562
-773
156
1479
1573
-240
-2314
-769
791
2805
1374
-1780
-2530
-1474
-1119
-2178
-2956
-4874
-5798
-4395
-1760
-223
-1656
-13
-883
-1018
1200
1984
-147
-3541
-3713
-3515
-933
-2405
-6169
-8951
-11115
-6104
-1668
372
1614
519
1229
2376
885
-408
-3811
-5070
-1274
511
-127
-983
-1577
-2039
-1701
-3623
-2339
-1334
-868
-2443
-788
2951
6512
7684
4620
1900
-841
-1645
-3683
-2414
-569
988
1332
-2377
-6019
-5542
-1961
2654
3240
-220
-2884
-4036
-3645
-4752
-5131
-3042
-2777
-2488
1141
4317
4361
4847
4070
4692
4360
6767
7480
7316
6201
3365
4162
3236
1882
1194
626
2407
3887
6963
7114
6584
5928
4051
2262
2253
2996
1984
1642
3207
3270
3496
2975
1678
1364
986
242
-867
-1219
-1803
-5485
-5658
-5130
-2595
-2262
-3312
-3189
-3150
-3414
-1243
-421
-454
-574
272
149
-1573
-2553
-2734
-16
1300
2566
214
-2509
-2386
-2679
-796
1564
2719
3029
1574
2858
4139
3165
3982
4706
6425
7291
7790
7468
6362
2061
1083
1259
269
-247
-1345
248
3421
1025
-758
-1199
-1770
-548
-684
2631
3713
3008
2758
2995
1531
-286
-795
-2470
-738
-1867
-1483
308
1706
2162
610
-1680
-2061
-1139
-1414
-965
-1239
-1598
2961
4859
2156
-1112
-2823
-2143
1686
2847
1453
3748
6163
5967
4606
2666
1151
-1101
-1164
-1788
-2564
-3073
-4806
-5425
-3778
-2462
-2492
413
-1849
-2770
-3023
-3061
548
397
862
-1700
-3870
-1984
505
-20
-895
-1031
-3351
-5028
-3571
-4803
-6803
-8041
-7285
-4537
-3620
-1958
2870
1961
-814
-4268
-5095
-3386
-3527
-5444
-4946
-1648
2162
5239
5252
2146
-231
-462
-2841
-2277
-1839
-1773
-2214
-2054
-3838
-3717
-4011
-1671
18
-1469
1892
3990
2247
546
-354
-3172
-4241
-6124
-8461
-9399
-6948
-4293
-3569
-6211
-6867
-5369
-6431
-3123
-1998
-5212
-3368
871
2279
2000
-884
-3308
-3929
-4771
-6415
-7425
-7122
-5965
-4335
-2319
-1959
-930
-1146
-2157
-4227
-4788
-4250
-4388
-1441
130
599
-2431
-4146
-3051
-3987
-5075
-4248
-2624
-4467
-6532
-6470
-6036
-4863
-2715
-3284
-3638
-1637
-3636
-4742
-4316
-4892
-5544
-2496
-1388
-2771
-1935
-911
717
855
2396
880
-795
-1384
-2465
-1692
-1565
-1453
-2278
-3659
-2839
-1260
-1766
1312
3097
2572
-383
-474
1098
2532
3629
1144
-149
484
532
3543
3567
1951
554
-1647
-1259
-1366
-3666
-3388
-4232
-4223
-3600
-2092
-2048
-1141
-42
923
1801
1184
1490
-1966
-4962
-7407
-8227
-7765
-7543
-5498
-242
2984
-909
-4867
-7985
-8471
-7253
-4608
-684
2363
3918
3644
2240
1440
1352
-1731
-2023
-2994
-2767
-1568
-811
207
438
350
-225
-98
679
1219
5610
8567
7363
6730
5097
1409
-181
-2324
-3292
163
1331
1550
1527
-18
1214
4101
4784
4154
4683
5762
6200
4786
3210
4521
3392
5672
7293
6813
5626
5168
5642
6332
4496
2649
3105
4816
4419
2902
3011
1618
2557
796
-63
1511
3061
4328
5311
5211
2868
2887
4248
7891
9005
8789
10639
9876
9655
10070
9275
10837
7942
5094
4542
5688
8148
9343
8847
8758
7387
7289
8575
7325
7281
6974
5659
4518
3521
5564
5197
7259
8392
6196
6151
6980
8839
6803
5339
4155
4113
3787
1508
1195
2152
4411
8014
8743
4717
565
-1978
-3525
-4231
-4120
-3452
-378
3047
4787
4730
5607
7687
8814
6492
5256
5663
5581
2685
1818
2624
4347
4562
3705
2338
877
307
578
3244
4552
5622
6993
3423
818
434
1063
1810
965
264
3284
4459
533
-326
965
-2000
-1831
-450
-1013
-3090
-3605
-1871
-1896
-3569
-2622
-755
1184
210
-519
2550
1367
-207
-1237
-584
1314
1514
-646
-3522
-4914
-6208
-4897
-2260
-1680
-1279
-347
-1711
-957
-755
-2831
-2314
-1726
-310
4
-2039
-2140
-1767
899
2512
2515
2169
3872
4960
3914
3390
1236
-942
-2271
-1330
715
3078
1355
2130
3983
2793
776
-1027
-219
1345
1687
1858
858
910
644
-1120
273
2197
4149
1833
-337
302
1853
3526
2338
279
1616
-823
309
3134
3637
3161
1341
469
-378
1291
3625
4317
3227
862
1948
2524
1746
1028
502
2044
4383
4954
5171
6878
7368
6246
5032
3057
825
294
2065
1399
-3253
-3426
-3359
-93
2593
2414
2007
-2037
-647
-377
-1578
-796
1360
406
-636
-3493
-4005
-3141
-1007
-2680
-5279
-8496
-5897
-2846
-2622
229
1750
2841
4092
4773
3177
4688
5031
4478
1676
1241
2002
2575
1421
1232
924
94
-1455
-2773
-1325
-2197
-2773
-3789
-3771
-5334
-7221
-6809
-6804
-9523
-6763
-2177
1002
-1360
-2064
-1709
1798
1311
-5083
-6938
-4579
-1362
-434
529
1157
583
1199
823
970
-1577
-2009
-1281
-2437
-4199
-4856
-4708
-4671
-5578
-7833
-4543
-3124
-3289
-5283
-6983
-5510
-4320
-3681
-4745
-2457
-3472
-5367
-5701
-5312
-4359
-2847
-5602
-9078
-7936
-8653
-5949
-3863
-1188
-1350
-4086
-1746
1550
2880
759
-4714
-5203
-5027
-7051
-7431
-7066
-8063
-5249
-3639
-3110
-1988
-2364
-1292
-1543
-1150
-962
-804
-2609
-1744
2953
4531
4277
4223
3536
1472
-1563
-1651
-4119
-4557
-5028
-5105
-5777
-10181
-9259
-5119
-3542
-1813
-1377
-2691
-1835
-3568
-4797
-3928
-4103
-4438
-7360
-7215
-4174
-1654
-214
2078
4006
5305
3597
3070
143
-3147
-3266
-2426
199
1140
239
2341
3437
3376
5597
5400
5224
6440
6199
4987
848
-55
1277
1301
-150
-1073
-2079
-2929
-2713
-3723
-4793
-6459
-5384
-4367
-6311
-8437
-6615
-3941
-3408
-2733
64
1931
4125
3116
268
-2928
-548
-126
-1130
904
3210
4379
4161
4124
3966
-605
-1959
-2450
-2913
-2992
-4717
-4632
-1918
-2714
-2366
-4325
-6744
-4403
-2876
-2713
-1722
-1679
391
1828
3214
3537
3853
1844
249
1491
923
1623
210
-2176
-294
38
-2152
-1869
-4126
-2666
1477
2668
1445
448
-86
2661
2041
395
-528
-2384
-3166
-3750
-2631
-1273
1841
2678
1341
4007
4483
1377
1171
403
-161
1519
3402
4533
4959
5813
5670
5101
3308
4341
3584
2395
-118
-1089
-3265
-5323
-3352
242
3002
2616
2749
4530
5987
3746
4043
2348
2542
2679
2722
2162
-163
-1798
-3774
-1710
606
545
-703
571
971
534
-59
-710
1773
5197
2802
209
-528
-805
806
1722
99
-2612
-3727
-2315
421
912
2601
3294
2484
188
1292
3467
2264
610
1503
2748
3101
5301
4042
3514
-304
-3523
-5975
-8323
-6360
-4629
-5339
-4380
-4113
-2322
-926
-2181
-249
-1314
-2981
-2090
-658
-195
486
1014
424
343
-1267
-2060
-550
-2474
-4623
-4328
-2445
-2267
105
-88
-127
-1052
-259
3375
2584
2622
259
-602
1584
590
831
212
1155
1776
291
-2223
-5377
-5348
-2132
-3792
-3186
-39
-1769
-1768
3816
5846
3594
4081
2660
491
3044
4334
736
-2230
-2426
-298
-863
-3005
-5914
-7294
-3192
1990
1298
310
-228
4831
6092
4633
-2896
-12508
-8523
1716
5755
3848
-1620
-2671
1006
3367
622
-6734
-7541
-3954
-2493
-2357
-2065
-2203
-3394
-3842
-4700
-5649
-1434
-1148
-2282
-914
484
2077
599
-1148
-2594
-3435
-1926
-2434
-3482
-3835
-3403
-5934
-6645
-3053
-128
2821
2233
11
186
894
1105
31
-429
-2502
-2748
-1719
-1467
-2076
-3133
-49
3170
-2039
-7697
-8537
-2170
3055
3883
6597
7296
3766
2673
793
41
-3610
-5087
-848
1393
1951
-2203
-5064
-3215
-923
652
1831
1209
-782
-4025
-2990
-2298
-1222
874
293
-3476
-7177
-7704
-4333
-3243
-5689
-7612
-5241
-2086
-1526
-525
-787
423
1512
-50
-1204
-2362
-4145
-3544
-40
-1823
-3809
-2471
-1500
-1819
254
620
1747
2501
3269
4944
932
-1508
127
-465
-962
-542
-3663
-3649
-7248
-7587
-3579
-1753
-1320
1110
1839
2984
7070
4870
449
-1733
-4975
-3525
894
2133
3243
163
-594
-1004
-3780
-2023
-3360
-2651
-631
3495
4705
1749
-2723
-7453
-4567
-2299
-3283
2403
4054
4106
3774
-1234
-1578
25
415
-486
1577
5097
7016
5162
72
51
375
-2176
-4283
-2396
-787
-2595
-2215
-2857
-4334
-1498
2164
6146
7572
7075
4941
2936
1192
-1144
-2550
-2071
-2967
-1199
-1287
-813
254
-2589
-4355
-510
1541
-2046
-320
523
1416
-272
-3151
-2070
1942
-4118
-7537
-7270
-6322
-2319
-326
-779
-394
-540
-2755
-1037
502
2120
-1322
-5013
-5231
-4598
-2294
654
2933
2565
1464
-1960
-676
-219
1208
3477
4234
1932
-1346
232
211
-1316
-3226
-5757
-4856
-2524
-1255
633
1484
4815
5453
1023
-409
-282
115
1169
842
1409
4171
2972
189
1146
4579
4973
1925
2334
3515
3151
878
2188
5206
4377
2580
1504
5402
5769
2205
630
-3504
-4495
-5326
-4660
-3097
-1861
-2106
488
321
-1086
-1863
-3961
-4040
-5294
-6884
-4021
-268
1311
2269
3286
3229
5685
5434
3577
3909
3831
1318
-147
2324
2618
3710
3501
-57
-1197
-2524
-3101
672
3675
3654
4121
4288
3130
1692
25
-2385
-1109
2698
3595
1979
23
582
3404
4515
4383
7923
7212
2674
1960
-353
-805
870
1306
2880
3491
4510
8327
10355
9980
8584
8894
7649
6961
8892
7743
5471
7601
5010
3590
3711
4240
5000
1819
-477
51
1913
3766
5387
5076
3411
1788
-577
-222
-2104
-4128
-1294
3762
5270
4726
4169
4932
4816
3128
1944
621
-1349
-3928
-4679
-3101
80
2395
4693
3876
3754
2022
2545
4810
2095
1028
2806
4438
2316
-1062
-1531
1999
4549
3511
3993
9132
9638
7211
6187
4919
5470
8234
11038
11856
10069
8102
6943
7829
9353
8469
7845
7983
7215
5509
8526
10750
10716
8273
5754
3253
3330
1055
-421
518
4461
6025
4358
5585
5640
5442
3560
4567
10287
12277
8054
9252
11092
9848
10574
12228
11859
10152
10538
10681
6344
4619
8147
8015
1909
-2396
-2229
791
3467
1465
-1029
-5484
-7469
-2918
903
4624
3986
806
-1189
-2267
1124
2899
1558
535
426
1482
4371
4485
1994
666
-829
1552
2769
1912
2169
298
-211
3237
6643
6570
4482
3362
3367
2154
4480
4458
4280
3653
766
767
1733
-192
-2903
-4931
-6121
-4789
-3398
-2062
-200
-1154
-2716
-5240
-6424
-4222
-3530
-1526
-1476
1441
1760
-1606
-2003
-1309
997
2258
862
-306
757
2012
2377
2951
4742
5029
7462
2574
-1078
348
-683
-2774
-3728
-2884
-1951
235
-3216
-7255
-5956
-6491
-4332
-2800
-1378
-1649
-3199
-3227
-3767
-4357
-4948
-7578
-9892
-7966
-6235
-5071
-4183
-235
-1916
-3186
-375
1895
3144
205
64
565
2584
1580
-3404
-5754
-4296
-4994
-6402
-3198
-744
-1644
-2656
-2265
-2920
-7201
-12044
-16711
-19202
-16469
-14176
-12059
-9792
-7995
-9622
-11182
-10471
-11403
-10652
-11034
-7618
-5978
-4683
-1619
-70
1008
942
254
-3858
-6975
-8129
-7227
-6176
-4903
-4903
-7426
-10097
-11490
-8736
-5765
-1572
1484
3722
1922
1143
3029
-4526
-7811
-2737
-822
-5275
-3551
-1150
-7473
-9318
-3275
-3746
-8428
-6673
-3427
-420
-2067
-4882
-5636
-6319
-6282
-4759
-5957
-5500
-5103
-6591
-6746
-6551
-4114
-9728
-12290
-8563
-9413
-7046
-3260
-469
4118
938
-2399
-2511
-6798
-9483
-10644
-7147
-2204
-794
-3109
-2991
-2826
-3384
-3879
-2280
-617
2819
3247
883
-3667
-5423
-3535
-3061
-1116
3608
6351
3505
-540
-2542
732
3146
3229
1135
213
1884
1871
-1864
-2935
-4836
-5976
-403
1755
-1183
-264
-1045
-1447
-5
576
2924
3607
-855
-6230
-5132
-3026
-4564
-2160
462
1350
5371
5374
3793
726
-3433
-2900
-2378
-445
2882
3227
-326
-2301
-4811
-5351
-4014
-2
1697
2443
502
-2564
-4938
-2737
2564
2731
1790
-2210
-3273
-1000
729
2693
1144
-152
-216
-2371
-4748
-3762
-2466
-3794
-5283
-5471
-3374
-3081
-5416
-4299
-3032
-2645
1194
5037
6568
6130
7394
4914
2095
-1021
-3366
-4948
-5007
-4799
-4212
-1771
-691
-40
92
741
1892
84
-2814
-2599
-3463
-2278
-2333
1057
4377
7570
9048
4928
3019
3333
6634
9503
10131
7749
6203
6313
4804
6189
6601
5588
7525
3670
-1680
2379
5170
2353
-2166
-3020
597
978
-3022
-1917
2319
3529
421
4421
9049
6411
4700
3218
2072
5927
6468
2970
3622
3754
3550
6298
9644
5448
4401
5871
2001
3646
5345
2026
-1058
-2347
-3855
1359
7547
4957
1128
-2130
-694
4056
6160
8629
12622
7977
3747
2012
1031
2778
6224
6712
2589
792
-269
-59
3064
2068
-2087
-4427
-4797
-730
2521
6129
8497
7741
6664
4848
4571
2556
1812
1980
-432
-2682
-5138
-4041
-1491
443
-2864
-3671
-561
2043
2277
4625
4740
2220
-810
-254
527
-2376
-5534
-5519
-3140
658
4517
8411
9578
5580
1382
88
2660
3789
1598
259
-3241
-5825
-8413
-11430
-9316
-6399
-2193
4937
7680
9253
5680
4372
1920
321
642
359
-680
1
-1516
-2786
-2496
-3877
-3918
-2072
-1907
-1505
99
-196
1555
1715
2511
3052
3468
3555
2974
1693
1545
4794
7870
10626
9147
8423
9362
7286
2432
4243
4151
3358
2342
522
1993
3518
-197
-824
468
3075
9248
8000
4921
4894
3689
1160
141
652
1238
6109
6409
-577
-456
937
5200
6089
1923
-739
-1031
-1359
-234
920
2443
3367
4175
3156
2301
3717
3407
5726
8281
7985
3848
1983
3881
4700
4233
3372
4094
4710
4775
4104
2198
-444
-2717
-1260
1510
-1796
-2810
1180
4937
5931
3974
-1528
-1451
3059
3804
-421
-3397
-9541
-7783
-5298
-5932
-4064
-4356
-1333
-989
-2171
-607
-439
-3658
-9078
-7564
-6686
-5932
-6608
-5677
-599
5786
8285
3591
-1680
-7736
-6714
-2963
207
-2153
-4748
-8692
-6599
-8622
-6385
717
903
-2269
-5000
-5668
-5195
-3814
-4742
-4197
-2826
-3058
-3843
-3052
-4334
-7511
-8176
-5503
-2882
-1262
-3935
-9649
-12851
-10953
-10336
-8578
-9854
-6024
-2082
614
1429
126
-444
146
1048
1072
305
-5425
-5886
-4620
379
-1449
-3904
-3075
-4799
-2115
187
819
-2322
-6351
-7290
-4443
-3536
-3051
-1220
-3426
-5421
-2945
-2952
-3646
-67
390
406
1548
-1838
-1411
-1073
-3123
-5841
-5670
-2376
-430
572
-3263
-7383
-7485
-6420
-4820
-7346
-7637
-5154
-5726
-5676
-3298
-2165
640
1168
1176
1430
-1485
-1895
-1098
78
251
-123
-424
-579
1738
2829
898
1485
283
883
-19
-1921
-3735
-5473
-4004
-4475
-5892
-7420
-6822
-4778
-3575
-1423
-2795
-5129
-4685
-3668
-3829
-3076
347
3286
3939
3808
3354
1381
872
-51
-3118
-4504
-6425
-5684
-2869
-1130
-2419
-2547
-2433
-3679
-2937
-1092
1996
1322
-2685
-2150
-577
-1705
-4039
-4705
-4947
-3770
-1394
1291
493
-2525
-4325
-5848
-3470
740
1378
-939
-326
-433
417
1484
-1030
-1673
-1813
-2886
-3504
-2114
-2890
-3128
-2481
-1355
1668
3809
2590
-168
-1953
-5564
-6768
-7008
-8941
-10518
-8544
-3718
-1503
-3178
-3341
-2861
-1846
-2730
-3068
-3573
-3237
199
3461
4201
3926
-606
516
782
-1865
-2719
-5020
-5388
-3123
-2628
-4199
-3041
-3106
-4236
-5953
-5129
-2586
-3943
-5337
-2860
-1238
-2723
-7215
-5420
-225
-1101
-4194
-4781
-3851
-2084
-569
1385
2097
-1288
-4690
-4091
-2077
1182
255
-4824
-4849
-3481
-4519
-5000
-4775
-5345
-3307
-4506
-8296
-11300
-10887
-8878
-6875
-5628
-6515
-9490
-9968
-5702
-3796
-5139
-3379
842
2457
3405
-1445
-4117
-3973
-2568
-2923
-5882
-6806
-4831
-2484
-1450
1449
5562
5445
1569
-701
630
50
366
-606
-4074
-7947
-9658
-7386
-7625
-4784
-1569
-1362
-360
3163
3606
4846
4287
3629
4621
2886
1684
2711
2278
1042
60
-532
3298
4234
784
292
-53
-1436
2074
3396
3396
870
-1167
185
-926
-767
-1213
-102
3750
4827
5984
5906
3845
2356
1828
4291
4557
2309
2233
5500
7360
8772
8712
8344
7615
5494
6830
7264
6130
6069
5861
1369
1853
4794
6973
6646
3271
5808
10104
8474
5794
6686
6058
6628
11291
12779
9150
7262
8541
6631
5876
6213
8062
11157
9954
7837
7504
9586
10427
9904
10063
11323
12070
11921
11432
8481
4719
4205
6225
7158
7318
4246
4446
2517
1400
5600
10397
10142
10780
12580
11889
9015
6242
5797
6138
5316
7458
9174
7885
4631
5731
7939
9678
12149
14576
13985
8032
7741
5307
3831
16
962
4111
6752
6782
4234
1650
2003
3624
4115
4511
1652
1816
1342
1200
1595
1782
-1848
1055
3553
4228
1783
-1103
-3645
-1076
-14
3390
3761
1642
3849
2115
3836
5178
4457
4771
2951
375
5395
11033
8010
4684
3448
1977
4528
7567
5771
4222
2626
3218
4752
3716
3929
7466
7283
6551
3881
2444
2299
2034
3733
4419
5775
8815
8567
5712
3266
2951
5007
5806
3070
-672
-173
3074
3071
2203
3113
8047
10330
8924
6674
4724
5236
4561
4362
5478
6048
7102
8660
8202
8494
8657
7323
5559
6637
7562
8717
11240
7580
3199
1765
1963
1721
2997
8911
12306
11551
7324
5913
8225
3578
-153
2599
4386
4640
4688
3544
1739
-1741
-3093
-2638
-2575
-347
3005
2243
284
-533
-1069
-91
2463
3021
1886
2082
2246
2588
819
288
835
79
6061
6427
5273
2755
-260
-3717
808
-414
3291
8285
6131
5385
3524
2032
932
3016
1368
3622
6478
4990
2051
-1405
-1837
258
-3329
-6411
-5552
-2928
-1180
1523
7377
7615
2934
-2214
-7929
-10870
-9234
-7197
-7079
-4641
-2141
-3062
-9334
-9767
-4186
1904
-2994
-4111
-85
1411
-3373
-10952
-13032
-12325
-8851
-4802
-5815
-11506
-8983
-5627
-8089
-5383
-5503
-4137
-5196
-9045
-7675
-7128
-6683
-13497
-18324
-16612
-12940
-11225
-8232
-7187
-8649
-13616
-14310
-13689
-12297
-11560
-15033
-14245
-14612
-18300
-18086
-13182
-6964
-6130
-11359
-13893
-16556
-10762
-7478
-9923
-9679
-8160
-4648
-6218
-6507
-7348
-7554
-7712
-6886
-9527
-9207
-8397
-7439
-4676
-5982
-11628
-12589
-10098
-10342
-7883
-7322
-7882
-7586
-12380
-13240
-9183
-4370
-1242
-3505
-9383
-10381
-9816
-10564
-9161
-7817
-8175
-10801
-14530
-16524
-12176
-9032
-5369
-4014
-1579
2030
255
-4611
-6768
-14330
-12558
-6134
-5608
-5948
-10159
-10777
-8446
-5016
-6716
-10455
-9945
-5788
-5436
-3958
-268
1125
601
1966
-2086
-4805
-6554
-7488
-9836
-8462
-8199
-8519
-7022
-3644
-817
1947
5789
2117
-593
-3182
-12518
-18679
-14376
-6093
1783
7086
5427
-1015
-6568
-8381
-3687
603
-1149
-3847
-2913
-3127
-1086
687
1259
3698
-461
-2417
-2390
-5475
-8011
-8486
-2210
-1548
-1063
6307
10169
7707
4476
3680
1926
2132
-930
-3289
-3762
-3799
-839
6224
4093
1792
3769
3461
2667
288
-2569
759
4802
6547
9577
12203
6512
-408
-2339
-2635
464
2299
927
-1107
-1334
729
4143
8028
10896
9028
3313
-1220
-3729
-2918
-2952
-2813
424
2297
1199
1140
54
600
3092
1591
-382
221
3664
4769
6796
6416
1608
-3052
-3068
-4804
-5059
-2143
801
-6
-1294
796
3613
4638
4088
-144
618
3496
3333
6190
8375
6748
5093
5115
4357
5041
4462
2883
1209
-5620
-6622
-550
-1591
2737
7571
5964
747
-1289
-722
57
1459
2646
6005
7838
2593
-1449
3351
4453
6005
6661
3621
4599
4444
1931
857
1012
1493
4074
4353
2067
-556
132
1529
4321
7967
10390
9571
8935
7333
4540
1934
2020
4838
6783
8504
9831
9320
7413
6132
6251
5549
7093
4914
2945
5630
5265
7409
7278
3337
5150
3868
1463
2752
1959
-455
997
5163
8380
6901
5434
5787
7938
11196
7584
3672
2508
3361
3954
1929
1328
1735
4873
1926
676
1223
-1449
287
2378
1548
2965
4303
6042
4012
1041
2441
5144
5560
5008
2324
-348
3201
5405
4756
5113
1529
2863
3536
27
-3225
-1213
523
656
5766
7638
4208
4018
5943
2097
-1102
568
4164
6406
4208
-433
-2208
-4030
-4551
-825
-1079
-3990
-2295
-1900
-5154
-4056
-1626
1281
31
657
346
1950
5436
5596
4883
4378
1752
-410
-1739
-3812
-2075
-3152
-7159
-6825
-5953
-4375
-4255
-4884
-1947
-1233
-2324
-3852
-3757
-919
-2145
-2671
180
-1454
-4881
-6449
-7177
-7678
-7701
-5261
-4184
-3540
-1522
901
-113
-826
683
1188
2640
2373
652
-4130
-4445
-3616
-4656
-6683
-8272
-4905
-319
-2109
-6211
-6939
-5478
-6093
-6672
-5680
-3384
-4155
-2377
948
187
-1457
-987
879
3456
2848
196
-931
-3125
11
4695
2676
1020
-3554
-5278
-5320
-7308
-9637
-6796
-2800
-1940
758
3768
5711
4147
7779
10427
6905
4136
3158
4020
1421
-1824
-3309
-1746
-1246
-371
1842
1250
656
365
-2438
-4345
-5354
-4924
-2938
1563
1128
-1629
-584
-1244
-3820
-4247
-7151
-7129
-4037
-5154
-4606
-2337
2243
5394
2410
-2201
-6491
-5836
-2726
-1334
-1444
651
1977
2401
3884
6920
7988
5040
2006
2391
3692
186
-2891
-7285
-5401
-3773
-1701
2117
-440
-3707
-2435
-1749
-1948
1297
1613
-2274
335
3167
-3218
-2595
990
-5308
-5951
-5728
-1756
579
-3447
-1553
3853
3445
-1231
-1487
1972
3022
3071
3427
548
-987
3
-1332
1145
1989
2969
6165
6264
6388
5126
5694
3385
435
1044
2237
1380
585
-165
-1310
-1551
-2507
-2946
-1282
1707
4496
1415
644
-243
-3853
-3523
-3412
-7264
-8821
-7017
-2901
1092
3541
3706
-238
-2819
-5125
-5823
-2525
-1190
-1775
-3396
-2430
268
2073
-1334
-5127
-8047
-6454
-3028
467
3841
4932
5258
3217
896
-1342
232
2771
2701
4302
4050
3080
3681
4987
9292
7657
2830
3158
6212
7169
8612
10136
9780
9181
6914
1715
-1951
-264
3379
8625
9152
8932
8875
8708
5675
2365
1963
5157
4539
531
-2830
-4017
-2106
-254
3726
8566
10730
7232
6228
10638
11146
11283
12085
13130
9312
4900
2873
2637
3453
2660
-441
-1126
3418
7451
5770
6996
4677
1941
-1692
-1758
3102
5943
8115
8033
4268
172
239
81
2753
1251
3215
4385
4109
3936
5901
4399
1636
3496
2295
-567
-544
-773
-2229
-1284
1251
3905
5449
7411
3045
-2853
-3059
1115
5182
4966
4128
3363
5261
2846
28
688
1704
2457
3320
-2258
-5495
-5459
-6663
-4116
-1345
-433
-1738
-1875
-2547
-3447
-4147
-3048
-5479
-4244
-863
312
882
1904
1110
-395
1835
788
-3919
-3626
-6114
-7968
-6339
-5579
-4919
-5847
-5235
-4182
-3708
-4032
-6510
-8902
-8442
-8799
-7990
-5775
-4070
-1317
-110
-308
-2068
-3377
-5509
-7395
-6755
-2914
-4678
-5141
-5082
-5750
-6285
-6362
-2768
-1055
-759
3337
3271
-796
-7003
-8747
-9475
-10121
-5066
-4538
-13096
-13315
-11024
-6286
-6160
-6893
-6323
-6482
-6185
-3720
-3356
-2540
-2560
-9097
-10817
-6566
-4043
-5048
-6665
-5452
-5710
-5286
-3447
-1386
823
357
-6799
-12666
-11127
-9571
-8233
-3531
-1288
-739
-2231
-4602
-5610
-4133
-1429
-3937
-3783
-2353
-2530
-3890
-1193
1457
232
-1665
-6379
-9034
-7066
-10402
-9908
-8941
-6813
-1971
-25
-1765
-1220
-1023
-1540
-5666
-4335
1097
871
3710
2107
-1412
-2760
-5328
-7338
-7895
-3715
-5777
-4966
-263
3016
3819
3652
2161
2537
1173
-633
-876
-798
2796
1338
660
-96
456
2556
3071
-255
-4941
-6665
-7590
-8880
-6258
-3172
1457
4823
7460
6168
3785
2263
3813
5565
5908
6093
4495
3188
641
-600
-2562
-4458
-2029
-575
1088
3205
4273
1215
697
2036
2883
1329
774
1188
2019
1920
3290
4090
2653
445
3021
6411
3975
2559
1561
1861
4365
5349
2480
-306
-2049
-4479
-7276
-5411
-4748
-1017
-1878
-1772
209
2335
6918
6406
4212
6116
9581
13861
13158
9159
5070
4554
6792
9154
6315
4939
3056
1012
-993
-3320
-2982
-1158
-846
1523
5102
8186
6086
3931
4071
3624
-1089
-4013
-4724
-431
5759
4737
2797
2687
3334
547
-1837
-1981
-1452
-1728
2071
4277
2358
685
-1085
-4949
-4529
-2114
12
1394
975
1325
3058
1445
-802
-2050
-2165
1610
3344
8368
7166
3266
1694
-1477
-896
3542
3997
602
-3241
-3993
-1727
2286
2654
964
2670
3186
-242
1166
4174
6656
5475
4068
5385
3270
101
-2986
-1619
-856
-2176
-2960
-6389
-6516
-2586
-1049
-2421
-1917
-1302
-2302
-2599
-5061
-5735
-3857
-1716
-257
1906
3391
4304
2350
2819
3384
2250
2079
634
578
2083
3096
2534
1174
3649
6337
4384
3808
2426
-1120
-4312
-4262
1167
3679
3142
3181
2298
4656
7893
10267
8212
6108
5583
5332
-821
-2338
22
2190
3339
728
-2314
-2620
737
2093
921
2690
3566
3320
4653
4749
4768
8791
7812
6599
5772
6466
7026
7070
5268
5272
4937
3934
2014
3064
4167
3348
3906
1237
-3907
-2707
-2111
-3806
-4170
-4232
-4785
-3870
-2550
78
4383
7126
9965
8695
7145
7182
6213
3962
-767
1009
2532
4943
7885
8526
9854
11040
8792
6238
5293
5808
6690
3355
-783
-116
3111
3242
569
2291
2981
1363
3074
4453
6273
6252
6069
5470
5583
3318
1646
-1904
-3307
-2450
-1571
2587
2268
743
3328
4667
-1093
-958
-197
517
338
-2733
-4164
1066
6071
8111
9075
6730
5675
2806
2619
3698
3713
6320
1451
-1066
823
1254
36
3313
2806
573
-476
-1218
-818
-933
-2147
-1252
3237
5350
4142
1295
435
1489
850
-1919
-2802
-1400
973
0
-2922
-3349
-5594
-5753
-4637
-3259
-3024
122
376
5145
7294
6235
6769
3226
2647
1667
1347
2141
2090
-64
-993
-1065
2778
5241
3662
7163
6670
5550
4568
2338
945
-551
-757
-374
1818
4336
3386
1467
6
-685
-2067
298
3303
5093
5548
4809
5725
5900
4364
6088
8111
3291
-898
-4333
-5803
-4001
91
-983
-1016
1292
-358
-1844
-2935
-5079
-2633
-1224
226
2812
1225
-1472
-3376
-4919
-3202
-1623
2190
5157
4288
465
-4517
-5290
-4379
-2264
-4877
-7328
-6749
-6678
-6615
-4912
-3690
-3340
-2910
-4793
-4751
-4904
-9118
-11276
-11469
-10718
-6730
-4547
-6396
-7302
-7474
-10429
-13348
-15738
-13098
-11849
-11411
-11513
-10549
-12130
-11283
-8430
-6878
-4526
-5117
-6161
-6270
-4612
-3627
-4902
-5836
-8316
-10090
-7467
-5695
-5956
-8161
-8409
-8414
-9255
-9926
-10416
-8000
-10439
-13406
-13101
-10932
-10866
-10012
-9216
-7928
-3662
-2580
-2701
-3397
-3760
-380
1266
339
1370
492
-1832
-796
-2148
-1623
-4386
-8547
-6703
-3268
-3769
-6233
-8081
-7483
-5580
-6115
-5304
-8195
-8661
-6353
-5326
-4694
-8923
-6421
-3144
-5846
-6756
-5934
-8409
-9966
-11688
-6836
-5017
-5747
-6918
-8234
-7444
-5622
-3372
-3645
-2568
-1225
1169
-1085
-2567
-2873
-1490
-2480
-4795
-7448
-7686
-6372
-7816
-10496
-12731
-10252
-9634
-11605
-7286
-3445
-3948
-3530
-914
-991
-187
-345
-2821
-2205
-1688
-2927
-4622
-2884
1331
3488
3759
111
-2811
-1098
3509
4685
3123
-1425
-5229
-4431
-2943
499
301
-1282
-1827
-429
3698
5291
4230
1220
-822
210
3751
2690
-50
-1012
2169
4849
7499
7806
6073
5206
1258
-3082
-6882
-6647
-5827
-4031
-3775
-5490
-3297
-357
2058
2317
1619
2161
-65
-1957
-1382
-257
1249
1201
1751
3632
2861
1624
3048
2063
2739
2754
1210
991
3452
5208
6072
5534
2645
-1026
1432
3924
3709
4709
3594
1252
1850
1441
1155
-2721
-4898
-5804
-3258
1829
5535
7375
6233
4837
4667
6527
7755
6920
7860
8810
8854
4636
3870
2758
492
1097
2115
2089
380
83
-1720
-3375
-3968
-2199
459
1673
1265
-298
-364
3482
4007
482
-181
-1246
-1970
-812
-2861
-6451
-3499
-307
-1893
-4832
-6103
-5097
-1913
-1110
-2855
-1921
-2873
-530
2730
3514
4430
4998
6935
6919
2832
-46
-141
2685
5061
7234
6763
5177
6827
8449
7921
7790
7692
6297
8014
7080
5094
5923
8290
6472
3693
2244
968
-365
184
4598
7334
7776
9241
7958
5181
6722
7118
4790
1448
1660
2757
2523
703
131
718
2383
3911
3233
3469
3153
1732
1020
897
-1177
-5
921
1860
5239
5594
5834
4052
1322
-1891
-6628
-5560
-4868
-4549
-1363
-485
984
3654
5764
4570
4078
3887
5077
7346
9058
9593
9420
9729
9076
8553
9021
6351
5921
3926
-28
292
-273
-4465
-4916
-4008
-487
305
-433
136
1472
3275
3389
1067
1116
2660
3515
5192
5807
8818
11413
11532
9775
10091
8437
6228
1060
-1234
-1803
-3350
-3475
-1989
131
26
745
2513
2737
2287
3452
252
-674
-287
1025
1583
3650
7375
7037
8877
10050
8661
5163
2391
1353
2531
3336
5867
4878
3296
4530
1970
-1319
-3865
-6217
-5642
-4480
-4240
-1000
588
-244
-385
342
360
-517
936
2438
4174
7291
4241
2576
-315
-207
1076
1312
-889
442
175
-1286
1135
469
1326
-113
2620
3854
3430
7637
8176
5912
4814
4837
2494
-341
-72
164
3952
4082
-329
-557
2141
2305
596
426
593
1075
-205
540
3158
1365
-1566
-2287
-3850
1729
5906
8624
8064
4151
4252
5629
4875
3254
712
915
2616
-201
-2101
-2755
-4157
-1352
-466
-900
426
-1776
-162
-78
-4648
-2960
-6228
-5022
-3563
-3284
-1835
-665
887
4081
2608
1460
-864
-2529
2125
2680
2372
2144
1374
-1502
-1315
-1068
-1458
-1377
-436
562
-88
55
1005
4404
4390
2525
3182
2901
430
-177
-1804
-3971
-3085
-786
2192
3338
1887
-2005
-2404
-1106
-761
714
5349
4386
4018
2391
2433
2530
1923
2333
1980
2643
1180
-994
-1169
-2060
-5487
-5762
-8130
-7242
-2634
-1753
548
1281
-99
216
-2202
-4092
-3736
-6052
-8706
-9774
-10465
-7735
-6345
-6567
-5477
-4270
-3969
-5026
-5542
-1554
1272
2820
4197
3472
814
-2842
-5098
-3716
-3829
-3600
-4375
-1426
-2978
-4540
-2735
-2758
-5621
-5063
-2765
-2179
-1540
-1395
-420
-2671
-2804
-6179
-7800
-7398
-5486
-2254
-2776
-6096
-6332
-6166
-3920
-314
228
2422
2030
1501
-808
-3605
-4683
-3723
-2069
-3525
-3756
-3778
-7401
-8184
-5170
-1910
16
-2624
-3003
-3036
-4270
-4931
-4855
-5346
-2543
-1320
-1354
893
1437
-1002
-5804
-4204
-2675
-4073
-3528
-3739
-3431
-2831
-5451
-5011
-3513
-2024
-584
-3780
-4583
-2689
-1399
-16
-620
745
950
-2047
-2720
-4309
-2738
-4854
-3309
291
-2782
-1733
-2498
-3569
-5982
-4247
757
-2074
-5845
-6678
-6604
-5257
-5100
-5394
-5562
-3877
-545
569
3269
2557
130
-596
1056
1289
1802
1859
-2644
-7654
-8698
-4822
-548
-275
1383
-2724
-10000
-8935
-8411
-10309
-10795
-10427
-8313
-6282
-2216
315
-623
-1728
-958
170
-434
-2283
1518
1831
733
3062
3818
2146
7317
2928
28
8516
-1000
351
-3157
-8373
-6840
-3336
-4688
-2011
2831
5904
4529
3793
-2438
-6664
-7059
-9070
-6760
-69
-272
708
-2132
2755
1078
-1203
403
-652
357
2415
4700
3136
3690
7299
8437
4532
4544
3840
872
-252
-397
2563
3259
-150
-3157
-5137
-4543
-2601
928
631
421
-4641
-5906
-7690
-6832
-4686
-6385
-4704
-3111
1109
2543
4159
4417
2319
-1
342
-1708
-2229
-4639
-4756
-818
557
5068
4950
1871
1441
1524
-561
-3362
-2479
-2347
-905
1648
1051
2974
3531
3840
3114
3629
871
-675
-3345
-4552
-3495
-3669
-3344
-3166
-2380
325
3640
2546
1988
2535
3441
4032
1605
3247
9466
11274
11690
9761
4945
1628
-1691
-2154
-1003
1395
1592
1190
446
703
1418
2385
4380
2290
954
-672
-421
-752
-3219
-5400
-6901
-4196
-2825
-1975
-1956
-3884
-4017
-2551
-2138
-913
3743
4938
5282
4295
3282
4984
6826
5371
2739
1981
1598
5024
5824
9669
8766
4755
3106
3192
1196
1394
203
2090
3814
2905
1234
550
1574
327
-1426
-1445
-833
751
3225
4939
5524
3443
1494
-154
324
1889
1815
-1589
-1363
-480
-1345
-160
-1680
-3132
-3906
-1960
1773
4048
6597
8368
6356
2869
-1545
-3961
1604
3898
3113
4057
4327
3359
649
720
784
1771
2893
1703
2334
1750
-2599
-7723
-7129
-6494
-3967
-1653
-1728
-2664
-1427
3819
6885
6994
5395
5746
6243
1959
-1606
-3996
-4722
-3056
-3927
-3252
-1216
-1484
-1480
-2
1973
1649
1077
791
804
742
1523
1689
3341
3053
2672
2944
2973
4055
3186
2187
3586
4825
4119
932
949
1734
3330
-2831
-7221
-4911
-3471
-1677
306
1884
2233
6627
8971
6835
6111
6371
5364
874
-5447
-7787
-7473
-5014
-4256
-1988
-937
-1320
-1196
2303
5175
5510
4171
2226
2026
3396
3875
3939
3719
3847
2345
1792
3079
3627
1897
62
-3426
-5219
-2903
316
1628
2530
-832
-1800
-5341
-5804
-3811
-4456
-5702
-7663
-4525
302
-58
458
1104
289
2340
1291
2094
2791
-1515
-6741
-8332
-8797
-6036
-1374
-894
-1032
572
1107
3289
5863
3983
3742
3048
987
1448
1392
-237
-1536
1478
884
774
1688
3043
2985
1699
-675
-1561
-4
667
780
-1333
-2048
-1922
-587
-995
-760
542
3514
3001
2413
2999
5445
4006
4292
3083
1741
2934
5525
5658
2494
1214
-655
-1593
-1853
-23
1936
3681
5350
3272
-208
-3137
-2161
-1097
-368
-94
1230
429
-425
2251
2790
2028
2895
3376
4559
5656
7276
7231
5108
304
-4464
-5705
-4045
-1780
248
-141
-2697
-2543
-2580
-3161
-198
740
-579
-3027
-3975
-2117
-923
-5605
-5435
-4125
-3325
-1777
-1467
-2087
-3677
-4832
-5690
-1329
-53
3791
7739
5270
2332
-79
-2416
-795
1947
1908
2582
526
1473
2615
3563
4981
3689
5897
6345
5943
3831
1715
2158
-1168
-1578
-1875
-2274
887
482
1141
2558
4349
3649
39
-994
-588
131
1578
2535
3055
1093
344
855
3069
5052
6942
7169
7209
7519
8037
9483
7133
3093
950
32
856
-61
148
-1332
-3177
-5698
-7318
-4215
-1155
-559
-131
3808
3756
1997
-142
-3834
-2985
-998
583
2022
3755
3803
4978
4201
3366
3768
2552
601
-640
2235
2862
-1940
-4607
-5614
-2321
-1042
-3756
-3122
1621
2775
3052
5295
5572
4223
2320
1350
-4548
-5488
-4661
-4843
-2769
3111
1845
-4951
-5870
-497
3930
4165
4025
2193
2235
340
1366
1852
3635
6362
4854
1078
-681
-1141
-646
-1440
-2791
-3554
-2920
-2267
-5058
-6063
-3576
-3822
-4027
812
2165
3741
4950
4706
5486
7435
7720
9432
8827
3462
4217
6036
4023
3139
3355
891
-2725
-4697
-2798
494
5893
5148
462
-3027
-6893
-6629
-7624
-6024
-3412
-709
1661
2551
3226
2242
699
1917
1375
2753
5969
6726
5040
2909
-365
-4582
-4532
-1907
-1740
-2725
-2094
-5098
-7883
-5777
-2868
-2781
71
-2096
-3221
-2612
-4536
-6440
-5468
-2043
1945
3603
2482
1645
1088
2681
3461
3866
2683
-1184
-3751
-4893
-2080
-1076
-483
-2047
-1878
2976
3753
3294
988
357
-2036
-5153
-2710
-136
3395
1894
-2463
-5157
-1314
-1590
-5355
-4352
-3168
-1893
-1766
-2963
-2667
-965
-686
-1238
-661
-1852
-6412
-7494
-2837
758
335
1629
-2673
-5138
-4935
-5137
-4202
-1008
2623
2091
899
-3604
-4810
-6164
-7264
-7075
-4808
-1435
-1098
-2005
