-5170
-9242
-6125
-4510
-4523
-4115
-7822
-6935
-6711
-2146
-2225
-887
-1113
-2236
-258
-3629
-3352
2729
7706
3561
3784
11411
8607
10326
14338
4228
2152
8839
7319
8507
10152
8335
5935
7077
9883
4692
5256
8526
6283
8408
4801
4540
3213
3677
3591
949
54
-4219
-3923
-2166
-5409
-8251
-8527
-6142
-6042
-9296
-10728
-11052
-10526
-11204
-12260
-14021
-14755
-16086
-14305
-7680
-11659
-12515
-12115
-6553
4303
408
-1623
6919
7120
7031
5922
7411
11051
8640
10142
8831
8176
11499
10747
9247
9212
10568
8605
9177
11620
9495
9863
1932
3701
3052
3315
4423
-316
2069
3131
2447
778
-316
-4849
-6211
-3115
-4371
-3423
-7440
-9376
-9722
-7040
-5796
-9083
-9473
-12287
-14379
-10779
-9727
-10011
-10898
-11340
-9707
-6888
-10330
-12063
-6056
-2066
-2191
193
-2018
-2255
-183
-581
-1329
2665
5850
7740
11170
10627
11827
7860
11548
11762
9937
8639
4753
3923
5602
5432
3719
5761
5787
8103
6204
7110
5276
1319
-566
-3538
-1817
-6632
-2859
-4351
-3448
-190
-2993
-1429
-3914
-6359
-6988
-6957
-5774
-1417
410
2798
-1827
-4738
-1722
-892
-1496
1157
134
-2199
-2724
-810
2042
-1744
-2913
-1412
-3910
-1849
-2852
-3973
-3203
-2195
-2466
-863
2179
-1178
-3934
-3886
623
2233
-13
-456
345
-13
4375
-556
3337
2691
1144
9195
1800
3585
5075
1469
4296
3818
4081
3795
-386
1331
-989
-6057
-7167
277
3254
8310
5157
-723
638
6744
7736
5454
7857
6729
5988
2839
2627
1722
1422
2280
2109
5041
4250
40
-3124
240
-3322
-5716
-2153
-7001
-4087
-4712
-6270
-6766
-7065
-9737
-6304
-10728
-17067
-4576
-5610
-4914
-2329
-4354
-7813
-2530
2074
-1337
1314
421
372
4587
1699
-2704
215
-547
2220
4277
7692
9750
6065
8482
15263
12042
6561
9259
9510
11420
5693
3731
5218
5205
7551
3648
6931
7027
5776
4788
3734
2432
-2063
-4657
-6737
-4639
-2002
-1321
-5738
-1934
-8282
-7934
-1427
-5380
-3444
-8409
-9567
-6536
-5365
-6232
-7787
-9152
-9503
-8585
-12120
-16442
-8823
-7724
-9437
-6514
-8501
-8704
-13059
-6831
5309
8097
4035
3174
7879
10641
8218
6794
10712
8262
8853
8840
11153
10252
8865
6635
9743
10291
6487
7386
6048
6968
5651
3591
-3790
-433
-3262
-2793
1620
-4144
-291
817
-792
599
-86
-3185
-525
-3080
-162
1296
1694
-2198
-8390
-6040
-9351
-9189
-9597
-8769
-5944
-5081
-11749
-9614
-1886
-12
-1543
-9450
-2269
-2011
-3125
-4003
-896
3474
1000
3429
2796
-2059
-1089
1779
3550
4512
5639
5904
5546
8704
5279
7312
3376
-1308
10528
7863
2807
3724
5022
6861
6524
3828
5114
5838
2969
6821
6402
2229
-228
-1423
500
-1085
-2050
-2745
-758
-768
-2194
-7937
-7396
-9022
-6899
-5177
-6543
-4117
-464
-2014
-871
4193
2162
-160
-1220
-2719
-2769
-1071
-4507
-6328
-2206
-3664
-2681
-871
-970
-6560
-8815
-11193
-5143
-2236
-4232
-9389
-5324
-408
5442
6480
-727
3814
1883
2826
7578
11216
7706
2436
6665
6492
3301
6819
1534
1174
2868
1185
763
2487
948
335
-58
396
-2856
-4045
1040
-691
-3859
3066
8427
2527
698
5810
6202
5978
4594
757
1045
136
-2010
-3472
277
-1215
-1646
-79
1146
-2116
-1762
-1572
-7564
-1731
-1195
-8940
-8098
-4064
-6458
-6832
-4311
-8789
-7663
-8100
-6008
-1294
-2929
-2552
-1532
2405
1348
-666
-622
-516
-2102
-1522
-909
3182
2322
3054
4041
5867
9176
3060
2621
5832
10564
7537
3997
7639
4354
4156
5874
1224
5245
6542
-287
4263
6223
7030
1324
1641
4857
5312
6706
5223
-495
-2282
1866
-771
-829
-6718
-6967
-2677
786
-3591
-5716
-2696
-2272
-4795
-6847
-8856
-11404
-11818
-10576
-9436
-13291
-13478
-12540
-11435
-5972
-5378
-13267
-7642
-1502
2141
2240
-3489
1297
4702
3923
7135
6476
8855
6951
7965
4830
7707
11707
6203
10254
13439
11916
11256
8831
9283
8791
6216
6979
7542
6002
7569
2041
2075
-164
2185
1689
1713
624
-775
1213
1168
-5088
-3232
-2445
-7549
-8785
-8044
-5034
-6871
-8172
-11541
-11891
-13473
-16577
-15264
-13362
-14099
-10915
-6965
-7474
-10559
-10794
-1105
-2407
-2960
1014
-3219
-2946
-103
1845
6739
9256
9558
8318
10917
11717
8900
10229
14457
14441
11385
5995
4038
9820
11684
9913
6206
4255
6353
5289
3378
2379
2926
2927
4032
1661
1759
320
-4423
-5215
-6334
-7184
-8117
-5293
-5827
-6329
-6914
-8239
-4612
-8833
-8524
-6582
-7495
-10954
-5541
605
407
-1914
-1447
-3542
-2263
-854
-4795
632
1394
3384
1973
-1056
-647
-229
-2420
-3828
1973
4616
1895
-1205
3868
7016
6760
5884
6998
2998
4661
7373
5732
4363
2737
1047
-1033
-233
4339
954
-2348
-2914
1237
-907
-4969
-2828
-3670
-4029
-7271
-8693
-6935
-9675
-4938
-3724
3341
-4173
-159
3217
4742
6495
1299
6645
5883
6837
3178
1175
6222
7777
4750
1933
3024
2582
1175
901
2699
2981
284
-6103
-6443
-5013
-5464
-7444
-7710
-8400
-5576
-4064
-6741
-6794
-2907
-5956
-8753
-5502
-5764
-2165
-5093
-6073
-5792
-6563
-6446
-6677
-2998
-2644
-1814
-5162
598
3809
4810
2122
-1483
7494
8713
7480
10464
12137
12841
7244
8556
8105
9500
3113
9117
11817
10252
10908
5530
5753
5830
8777
7458
7896
940
-2656
-956
2789
1337
-1969
26
1412
-3043
-8795
-5578
-6060
-10266
-12464
-12730
-10476
-11565
-12015
-11838
-15681
-13698
-15718
-15240
-11706
-9828
-12113
-15485
-11078
-9747
-1933
1144
4672
2373
6339
12413
9006
8691
9964
11588
10687
12164
14266
16454
16804
12276
13421
9418
10495
11712
10462
6386
6212
10323
9466
7697
5082
6119
5991
1620
780
-836
-1200
-2277
-2443
-4971
-5052
-5035
-5271
-6122
-7470
-8406
-8862
-8071
-8541
-10281
-11234
-14606
-13430
-15662
-16272
-14731
-14617
-14074
-7653
-5020
-7991
54
872
1981
545
4216
2847
-2872
3049
4261
5646
7125
7996
9527
10316
13546
12128
9920
8266
10308
9336
8301
6525
4530
5512
4971
5938
4177
3468
3426
901
228
-1677
-4606
-2560
-747
-1113
-1908
-3832
-3464
-8964
-8506
-8385
-3724
-8953
-11948
-9165
-10294
-9141
-10122
-5363
-4852
-1135
1723
-4252
-3092
5298
578
-38
579
3524
2290
244
-868
-897
1403
3786
4013
3847
1166
-2492
4204
7465
3846
-4675
-2684
715
1294
863
4891
4088
-248
1727
305
1456
6506
3828
3258
2804
4643
2572
1098
2108
495
-3046
-3487
642
-1930
-268
-2603
-1441
-1068
-690
2548
-4786
-2753
605
3048
5158
7162
8246
7466
7104
3486
6597
7913
6868
1538
2033
2157
3434
5270
5015
-361
-774
-2325
-1478
-67
-541
-2509
-7495
-9516
-7155
-7825
-10141
-9292
-11557
-9978
-6802
-5841
-7552
-13592
-7639
-4638
-5123
-4301
-4858
-2169
962
2112
3081
2903
-2027
617
-3560
-5492
-1360
-1152
-436
617
6480
1322
5462
10681
6321
7133
7875
9694
5356
6895
9097
9232
6543
4756
5516
3164
7337
5919
5313
6441
2812
2329
-296
-2245
-548
-2250
-915
-6000
-4987
-4247
-8361
-12828
-6578
-5131
-8350
-9276
-7186
-6954
-6689
-8451
-12092
-10069
-10177
-9643
-7064
-7158
-4137
-6018
-12243
-8535
-1914
1491
2409
3553
1337
6303
12338
12079
8193
7185
10428
11572
11282
10475
10766
11669
12246
12047
11275
9275
7287
3400
3851
8241
7276
5885
681
-1073
-2502
916
4642
-604
-3673
2367
-3403
-3122
-3054
-3501
-4528
-1890
-1836
-2525
-3760
-1233
-218
-7503
-5148
-7971
-11821
-10984
-12194
-12083
-11000
-12690
-12947
-14709
-8403
-2779
-8335
-7887
-2335
2022
1415
2381
440
-3563
2103
7251
7579
6834
3434
3875
7597
8764
6082
4686
8165
12030
10400
8607
8917
2341
2993
4755
6599
5345
8382
3321
1749
2130
1874
1086
3192
3645
5010
4886
-2044
1894
-890
-3933
-1758
-5393
-5299
-6725
-6336
-4344
-4414
-8412
-8105
-3801
-5200
-8445
-4982
-177
-5115
-826
1278
2374
420
-6385
-6516
-6254
-3550
-961
-2165
-6780
-8172
-4884
-1074
719
-252
-6420
-3525
3661
1791
3602
5417
5460
6028
6356
4323
4728
9501
6391
3092
7485
5864
3024
5553
6275
5475
2180
1015
1032
1863
246
-1461
-3586
-3068
-5479
-5692
-4772
-2443
1517
331
1930
-1251
-6299
209
183
524
2089
3707
3489
-441
-226
824
-212
-3986
-2369
1793
-684
-4946
-3837
-5171
-4413
-417
-5583
-7190
-4509
-5895
-4603
-1811
310
121
2053
-5905
-5836
-10
-3074
-2099
3165
1183
659
3198
3293
3136
3194
4561
4003
3617
3948
2294
2064
-140
-1184
3472
6533
1803
2874
4158
1261
4628
3144
1413
7573
3648
5312
4135
6251
5490
4161
441
-434
-1442
2185
2678
-96
5876
2506
-3431
242
3018
-454
-1727
3389
2024
-6047
-1814
-2134
-2485
-7136
-5741
-5361
-8365
-6163
-8919
-8507
-10942
-11150
-7109
-5474
-6442
-8528
-12936
-10994
-6231
-964
213
-6361
-3188
1692
-289
529
1144
5194
6777
6954
8979
5861
5262
4067
7179
6256
9824
9563
5070
9151
1602
2676
6881
8656
8601
6738
6785
1133
4413
3181
2681
4064
-495
1054
3332
4567
2961
-95
-1683
-2513
-4242
-3645
-3105
-6159
-8479
-9353
-8995
-6466
-8345
-8971
-12189
-14316
-15528
-15218
-9838
-10644
-7225
-7443
-9476
-4116
-5300
-6706
-3225
-4506
2200
2090
926
6496
5864
6918
10798
10462
8362
9173
10021
9274
11118
11800
14722
8196
-19
4506
7883
9471
8636
9685
5859
6973
7264
4383
2883
2361
2980
269
214
-850
-2267
-704
-1620
-4177
-8372
-10106
-4784
-3604
-7767
-11189
-10887
-8128
-9576
-11236
-4516
-10287
-11656
-6890
1581
-2411
-12318
-4197
-8836
-3216
-1457
-3117
714
-584
-63
-14
3376
6694
2720
3535
6116
6119
10768
7784
2360
2137
6824
11173
10071
9408
10327
5715
4883
5295
4907
7043
5158
6637
6998
7142
3499
1079
-1843
-5879
-5527
-7601
-3608
-2363
-3714
-9849
-7829
-9702
-6668
-2436
-7545
-4015
-2085
1624
-615
-625
174
-2042
-786
2708
880
1640
4162
4392
4449
3923
681
-4577
-3549
-339
-930
-779
-286
-7635
-8676
-5053
-5161
-6606
-3045
440
-3685
-6543
-3481
688
758
2363
4361
3345
184
-514
775
1659
3467
2616
374
-2556
-4667
-6232
-4382
118
-1221
757
-3149
-421
3387
-122
-3064
3723
7974
9083
6804
6096
6054
6527
8336
8761
11376
6560
5824
6581
9004
7081
7023
4917
3837
4167
1810
197
-2168
-2315
-3987
-843
674
-5894
-9286
-9144
-9758
-7497
-7933
-7374
-7768
-11395
-11730
-12863
-8311
-6716
-12138
-9287
-6718
-4802
-2687
-1066
-4500
-10029
-6411
-182
3613
5030
5721
5361
8867
10375
8796
12249
12279
11778
15376
13028
9577
11020
14462
7545
4126
11589
9170
10264
8635
5730
2709
4443
6093
1249
-1108
-1682
-2299
-2235
-4023
-4767
-4678
-7573
-4243
-3652
-5330
-6524
-10621
-8607
-10822
-14100
-14931
-12864
-14384
-15895
-15328
-18582
-19135
-14718
-14230
-16960
-13939
-9376
-5585
-1863
-3143
-3392
2609
10003
7546
7435
8559
5406
8235
10123
10825
12315
10885
11706
10906
11139
9658
12688
13408
12187
11574
10310
10258
3396
1423
1240
-1818
2245
2972
1342
-1220
-3377
-3828
-6487
-6219
-7938
-7008
-4886
-2673
-4849
-7381
-9242
-14603
-8341
-8704
-11786
-9814
-6780
-5108
-7290
-9813
-7830
-3277
-4303
-3631
-1629
-1184
-5074
-410
2833
2889
3556
2254
2755
9491
5786
2970
5792
7957
10259
11201
10683
9272
9603
10234
7957
9597
6603
6500
5721
6681
6758
5418
958
164
-1657
-1122
386
2602
3027
-802
1425
-10956
-1823
2512
-5672
-303
-4027
-6583
-4858
-5422
-6631
-7509
-7018
-4901
-1496
4429
2156
-794
-1163
2092
7084
5852
5480
2325
3149
1249
522
1169
3099
2878
510
-925
-1228
-1939
-5804
-6622
-4119
-4556
-2954
306
-4245
-9445
-4730
-3516
-3840
-4518
-1464
-1864
-3157
-2621
948
-2580
-1341
5830
1175
425
811
4049
4436
4972
2720
-1605
-822
-510
-99
2265
311
-2394
7569
1746
3791
7270
6355
10898
5794
8447
8155
8549
5659
5189
5826
4900
4563
4538
2896
1245
1092
1574
2600
2281
691
-7520
-5590
-8315
-7458
-8608
-7838
-6626
-9864
-9888
-10711
-13430
-16182
-10724
-15046
-8938
-7537
-10991
-7743
-2088
-62
292
2536
1190
606
1020
3742
267
3156
975
2473
1649
3372
8989
7210
6787
4466
12781
15232
13754
13049
13245
9282
5394
6698
5745
7638
6683
4623
3390
2856
3530
3635
3212
668
-66
2712
-1523
-2223
914
-2546
-8408
-8089
-5040
-7330
-6082
-4999
-6722
-7559
-9585
-11049
-10252
-7544
-9648
-7205
-6143
-7875
-10466
-8866
-11354
-8390
-5817
-9450
-10456
-3984
1335
2503
3039
929
5577
10010
12987
13308
12258
14216
10972
9240
9611
9626
12040
13177
13019
9632
8758
7088
5812
4779
2937
4848
2397
2144
211
1747
3493
-3965
-2855
-441
-3295
-2181
-2299
-4351
-1454
-1841
-453
54
-3167
-5555
-9109
-8820
-9841
-5946
-2850
-7041
-12574
-13606
-11811
-11787
-10436
-7843
-9745
-7283
-8658
-9348
-5726
-2581
1146
-2828
2118
3127
689
64
1766
5399
9495
10645
9182
10713
5280
7894
6190
7146
3261
2844
6752
-964
3029
8449
8969
10008
8646
7273
5618
5310
7262
4078
-1899
856
-108
-4357
-2876
1868
-117
273
-1597
-4473
-6577
-7617
-7347
-6519
-4309
-2040
-4107
-5391
-1656
-4838
-4886
-4301
-4441
-2160
936
493
578
1128
-381
-3113
-3525
-7417
-7272
-6120
-775
-1091
-2438
-690
-2531
-2104
-5650
-3331
369
1619
4793
6056
3451
2674
4924
5226
6104
5512
6565
6083
1996
7376
4012
1414
3509
-697
1018
3356
4414
2423
-488
-2316
-8242
-6182
-7735
-6710
-2048
-4347
-4286
-2131
-2073
-3371
-3856
-2888
5681
3171
5304
4347
-2296
-1798
-2460
484
-1986
-588
3840
2061
490
2180
618
1768
-426
641
-2457
-7806
-4817
-6332
-3723
-3476
-4521
-4822
-4245
-6
-4839
-3837
2280
1676
1248
1694
1587
3472
3654
2357
2902
3217
-568
-1727
-3763
-3595
-2804
987
557
1662
6139
5145
5405
2584
6590
7891
539
4526
6697
5579
7602
7397
4458
5215
2721
4815
3185
167
4697
6266
5872
4361
4349
-242
1364
5487
3141
5106
-2739
-6055
-1089
-3760
-4024
-1259
-3022
-6297
-9138
-10127
-11189
-12306
-12508
-11937
-11360
-10864
-9862
-9703
-11428
-8289
-4860
-8211
-6287
-5702
-6138
-4174
-1666
-2080
-952
1028
-1750
1582
4751
3785
6892
7937
8099
11682
10046
8971
10299
12421
13762
14999
10733
7659
9700
9596
11318
10766
5019
238
611
4849
3652
1607
3879
4051
6246
4572
2020
602
-119
-55
-4740
-3419
-1703
-4637
-9077
-8481
-6646
-9525
-13909
-14837
-16694
-14780
-13261
-16567
-15701
-14191
-11126
-14373
-9014
-7823
-12718
-4095
1619
4427
8260
8725
6209
10480
12340
12212
13306
13611
14889
13551
13541
11154
13134
8947
6053
8694
5747
8280
9676
10752
8847
7901
6646
6112
6931
4964
6366
3650
3192
975
-1930
-133
-2917
-4563
-6213
-7437
-9092
-11807
-13109
-13657
-13343
-15031
-12958
-14512
-16518
-14501
-13439
-12026
-7726
-5496
-8259
-5566
-5922
-6638
-934
13
457
-955
2550
2035
2388
1772
-120
2301
5222
6883
10283
11989
13372
11195
8103
9919
12094
11444
9792
8203
11191
11078
7649
5449
3992
4022
4070
5156
6412
4401
1792
-1925
-1655
-2426
-4702
-6727
-8518
-10456
-13369
-12726
-10634
-13058
-12153
-8721
-1140
-205
-709
-3764
-4726
267
3566
2659
1917
3640
4295
-1593
-2860
-645
-1299
-382
-2028
1176
2722
1642
1849
3912
1372
-551
-6373
-3782
1051
-54
-23
-2183
327
2831
3784
1825
3001
1971
1623
4901
5308
6157
2675
2482
-982
-1828
-2761
-2708
-4541
-3636
-2811
-4653
-3777
-5536
-9309
-9200
-4724
2150
4331
77
3278
5790
5573
8345
8142
7294
4085
3393
5668
4401
4711
4528
4016
6401
4288
7475
6226
3652
563
472
-2578
-7234
-4623
-6791
-6593
-5468
-7134
-7482
-5115
-7291
-9186
-5465
-5125
-5999
-5648
-8261
-8945
-9987
-6877
-5012
-6801
-5899
-1579
-1179
-3702
-3393
-3591
-1595
-995
4255
3982
2361
3528
4020
8725
8214
9365
9929
11566
8902
6832
9483
8058
10342
11288
8676
8688
4562
5579
6382
7393
6865
4812
4113
-1206
4975
2862
-2113
-4184
-4509
-5403
-7136
-1322
-793
-5041
-11568
-7717
-9138
-12582
-12371
-13565
-12175
-10388
-15249
-15044
-15412
-14389
-11579
-9963
-7649
-9706
-5720
-5892
1633
4966
2659
-98
-1368
5285
7441
8534
9748
12303
13031
13202
13710
14816
14513
13773
13272
14312
14003
10502
10819
11297
5582
2918
5982
1188
956
2705
627
1731
1502
2272
-683
-2405
-1161
-1837
-1484
-1798
-5055
-1603
-3198
-6848
-6299
-9649
-10323
-11285
-11413
-11785
-11329
-12924
-11092
-6767
-6061
-4455
-8691
-6109
-4682
-8068
-4452
-880
-821
-2795
-2970
-1466
2714
4590
4016
4372
6374
8529
9314
7726
9903
10082
8821
8657
8028
9664
5693
2628
6652
8204
8099
6693
5830
5949
1497
2502
-6665
-7292
983
-2064
2478
197
-1622
-2329
-4826
-3790
-4438
-6106
-5592
-4590
-7724
-4506
-10363
-9390
-8232
-9013
-1655
-6324
-1775
-304
-6475
-5
477
3683
667
-4841
-2843
-4789
-4133
-4731
-5416
-2476
-1561
-51
-397
2157
575
-100
2008
4590
6270
2574
-338
1534
804
1620
1207
678
7846
4269
4167
7054
4326
3793
4799
3584
1760
4207
4513
4760
4289
-1617
-4060
-3531
-4209
-1842
283
-1717
-530
3748
283
2994
2336
-1970
2759
2675
2433
2534
5341
3835
3651
3745
1290
-1755
-2895
-2067
-2710
-3964
-2410
-1538
-4596
-5405
-7137
-7242
-12826
-10425
-7620
-13148
-4913
-5943
-6965
-6347
-8625
-1572
1326
1108
3811
3250
1427
1623
998
4169
4743
3312
5722
2701
2806
3887
-1197
-455
1093
1751
-579
3844
7396
9029
5459
1054
9061
5119
6961
9104
6603
6120
5589
5606
2880
3349
1533
1673
1503
40
1434
-1155
-3005
-4153
-1878
-5616
-5376
-3709
-2256
-3193
-7332
-4345
-1708
-3400
-5170
-7588
-8724
-5924
-7743
-6149
-6973
-12828
-8709
-6757
-5043
-3301
-4557
-3740
-4171
-1423
1713
180
2408
1614
5751
8833
4495
6509
12711
11967
9579
7714
7686
7586
9061
11857
10393
7223
6057
3161
4300
3640
631
1931
4363
-827
1417
4861
-340
-2754
-2934
-3288
-1942
298
1331
2205
780
-697
-1602
-1792
316
-3181
-4846
-2945
-2767
-2728
-4395
-10709
-10639
-7240
-6575
-10438
-14531
-11180
-10420
-10933
-10702
-10873
-3591
456
-4616
-1154
-817
711
3014
3657
6219
6331
7196
8429
8108
8096
6882
4781
8486
7470
5524
6883
8613
5403
4343
4799
6445
6928
2519
484
753
3256
2500
1839
4639
5048
1254
3965
6026
2023
3533
-522
-1910
-2953
-84
-1608
-8549
-9252
-9091
-9124
-10568
-7639
-4961
-8261
-10717
-6478
-4817
-6801
-10207
-5081
-3977
-6196
-2711
-4274
-3468
-3803
-3012
-2661
-2570
-5135
-4033
-1123
-773
4466
2825
3646
2152
2844
4924
6052
5393
4407
5372
7171
9372
7147
10768
5017
4223
5128
4899
6232
4831
8114
279
-392
3643
3197
3626
1519
-1982
-6647
-7118
-8100
-6831
-6262
-5842
-6262
-2637
470
-2505
-1879
-2213
-3390
-2069
-3721
-673
735
-1748
-362
-2529
-4354
-1489
1367
-6423
-7333
-4235
-3539
-2463
-2355
-2168
-777
-28
-277
-527
-5269
3308
1738
932
4873
2835
6161
5886
7672
7632
7232
5566
6405
6273
5854
5479
3495
5216
4643
4051
3935
2108
-730
-3674
-2488
-6657
-4005
1483
886
-1316
1985
5757
-1309
319
600
577
-116
942
3943
2314
2864
2103
2825
3067
2023
-992
-2134
2170
-1240
-5676
-3981
728
-3205
-12438
-4298
-4187
-5737
-6741
-8277
-7007
-7141
-4596
-6759
-4231
-7986
-5917
-916
-3391
-2453
-542
-1443
-2259
-1318
-1531
634
-13
-2904
-2909
-4573
-6060
-695
5461
3931
4455
4857
5997
9464
5898
10557
10615
1423
5524
6555
3297
5695
6323
5942
9054
8736
7665
6495
4862
5018
231
846
7407
3799
-3070
-3574
-2023
467
-773
-2460
-2819
-4828
-5706
-8725
-9338
-9854
-10441
-11049
-11638
-11137
-11040
-10622
-12059
-13098
-12685
-11651
-14778
-13454
-7884
-8812
-3947
-3511
-2719
-54
3762
6278
4199
8090
7320
8784
12166
11583
10809
11467
14121
13986
13498
13139
12478
13233
13810
7890
7610
10570
9042
10579
3218
2405
5984
3898
383
-895
956
-866
1408
-1620
-521
571
-2576
-5322
-7730
-5641
-8483
-7857
-6161
-7307
-12023
-12856
-11436
-11176
-15268
-16387
-13894
-15613
-11658
-10492
-9846
-5890
-7554
-5069
2035
-1283
1677
4099
6191
9213
11885
12848
12231
13568
15511
14147
12024
16056
13782
11505
9797
10730
9877
9031
4814
5266
8158
8695
7558
5150
3214
282
2351
1748
1652
-1943
-2663
-3505
-4566
-5028
-4804
-5324
-5673
-8172
-8864
-9018
-11456
-12366
-11019
-10755
-10784
-6630
-6437
-3909
-6810
-2857
-1724
-3148
-1297
-1952
-1484
-2413
-939
241
1161
375
-682
-1373
1698
890
-2320
280
3365
3526
3726
5524
2643
927
4894
4258
5208
3753
5859
7295
6684
6229
3057
737
-35
971
-548
-298
-1721
-967
-3440
-5072
-5024
-9413
-7488
-7867
-8144
-10414
-10196
-4831
-7099
-2120
3377
-127
-90
-1183
2163
3178
2172
4350
5560
5218
3412
5302
6585
4204
1323
2129
3115
3442
1287
109
-1531
-2541
-3511
-3686
-7158
-6718
-5967
-5717
-4604
-7878
-138
-2707
-4101
1975
-370
-123
-696
-379
938
-1366
1119
-871
-4124
-4077
-2818
-985
-525
-1373
-3291
970
2911
5265
4891
1273
4083
7224
7519
7426
8199
11178
12253
9797
8284
10668
8518
7761
8127
7373
10214
7941
5949
4272
4213
4841
1005
422
-3578
-7003
-3427
-4012
-6633
-6420
-6763
-6754
-9793
-10415
-10000
-11948
-10755
-11042
-10137
-12257
-13460
-14913
-16895
-10923
-10183
-10401
-8015
-5945
-3472
-2927
-1181
-1697
1830
3046
6321
6608
6288
11933
8956
10065
9000
10188
12691
12559
12788
10752
12103
11781
11886
11134
8791
8581
8760
8609
6695
5460
3378
4276
810
-3830
-805
-3229
-2193
-3627
-5513
-5433
-5445
-7646
-10786
-7470
-8307
-10876
-14284
-11558
-10545
-14283
-13185
-15346
-15893
-13907
-14559
-14423
-11268
-11259
-13101
-8037
-3821
-1499
400
-334
4484
10886
9977
10306
12651
10692
10174
12616
15050
14397
12758
13594
14043
15253
13865
12297
11262
11209
11991
8705
8194
2936
4676
6283
3223
2770
-723
2209
-80
-1633
-3675
-6537
-5487
-7977
-7240
-8501
-7744
-6081
-8311
-8121
-8508
-9965
-12127
-12551
-12252
-9155
-8350
-10062
-9731
-7185
-4389
-2557
-5901
-8365
-3118
-3110
-2832
-1430
2856
3662
2879
-2666
888
6924
5627
9624
8244
9983
10664
11520
10740
10240
8989
9196
9434
3891
5793
6481
6951
3577
3182
1951
-461
3810
24
-1659
793
-3582
-4286
-1081
-1753
-2013
-3900
-362
-4267
-6080
-3612
-4203
-7469
-9705
-10049
-7108
2505
1288
955
-1170
3990
4749
2398
5628
3245
1611
-274
3950
5488
377
-3484
-2883
-1632
-1215
-248
-4172
-1866
-1004
-4112
-2549
-1764
-2174
-4123
-1102
1551
3407
-1013
-1866
1678
-115
2423
2501
-571
641
1375
-648
867
1215
984
112
-700
2183
2056
-1025
-2656
-2107
-3180
-2214
-3960
-3867
4390
4192
1809
3609
7219
7184
5370
5283
4724
7075
6199
6402
8253
7532
4590
1617
405
1341
1982
-122
-1180
-4543
-4954
-1753
-4121
-8624
-11210
-12698
-10653
-10806
-10962
-6111
-7500
-9674
-7844
-8984
-7039
-4329
-5754
-4626
-3054
-3629
-2422
1121
-761
1208
1762
265
1007
628
-1460
-1724
3298
6193
5484
-19
8380
12817
6580
9522
8927
7845
8663
9385
9611
8401
9396
9618
8950
4706
1933
3906
2005
2386
912
1323
169
-1067
-4993
-3736
-1914
-4965
-4040
-4129
-4448
-9471
-8307
-6268
-7042
-9301
-9277
-7043
-9888
-11030
-11976
-10677
-5510
-7108
-12848
-10834
-6424
-8650
-7269
-7115
-2505
-333
73
7952
6901
2223
5368
9804
9059
10288
10819
10804
8028
8933
11432
12486
12065
11945
11142
9154
10177
5250
3883
4676
3138
2770
457
3635
1809
-1261
509
-1183
64
277
1575
2161
865
96
-830
-2472
-3650
-5205
-5611
-4422
-4092
-5114
-7607
-10358
-11660
-11840
-13180
-12264
-12785
-14692
-14878
-8773
-3584
-5816
-4376
-673
-3457
-3083
1649
3444
5764
3919
7407
9830
9130
10470
9246
9934
10571
12524
10976
7741
6655
6281
7885
9145
5206
4723
4734
6433
4303
3606
6616
3796
5970
3973
4441
1906
735
1056
-476
-374
-625
-3149
-4556
-5959
-6417
-5682
-9269
-10404
-11938
-10114
-14817
-13588
-11141
-7058
-6135
-9276
-5825
-4441
-2868
-8749
-9055
-7385
-8313
-5102
-7678
-1246
-2504
-5393
-1676
-5586
1016
1020
2023
4039
4552
2731
3108
5510
3989
3971
6582
10460
8519
7299
6459
8397
6520
7623
7516
4669
6617
6335
4628
2443
1744
1613
2677
1581
-1886
-4176
-4057
-2886
-5840
-7513
-9348
-4442
4236
-1171
-5883
277
2112
-1431
-1260
-473
-978
1115
354
-991
2715
-580
-2700
-439
-2208
120
-4006
-3460
-1586
-4303
-2571
-4159
-3158
-3162
-2647
-2885
-1561
881
2892
4075
6507
7604
6451
7068
5871
7245
7910
5825
5910
5011
3005
3483
3309
2855
785
163
-653
-1839
-2215
-5962
-6850
-4396
4092
3609
-2440
-927
636
1903
2334
3069
2171
1708
-1133
2501
3454
5164
3388
204
5033
2118
2689
891
1426
5084
1493
-2933
-2556
-6129
-3054
-4301
-5933
-4175
-5754
-1628
-5638
-7362
-6545
-1988
-5227
-7936
-4604
-3951
-4578
-3741
-3053
-3579
-522
-2145
-2217
-2652
-2661
-3428
-3890
-4224
-623
5379
3144
241
1301
6877
5114
4209
4307
1458
5510
3939
3458
3571
3877
6121
4196
7670
7242
4761
6019
4909
6216
5739
7616
3856
145
5838
1236
428
309
528
-487
-2172
-1474
-1854
742
-3655
-4734
-5515
-6380
-7255
-8672
-10498
-12821
-13835
-15684
-10671
-9900
-13235
-13323
-14510
-12136
-7936
-7457
1243
2099
-3998
2067
805
3870
6052
6689
8121
4544
9914
10232
9769
10958
10526
10947
12330
12656
11293
11405
11220
10097
9065
10216
8147
6473
7700
6863
4142
2257
4257
2703
149
1563
-350
148
-1076
-3442
-4093
-4316
-5920
-6753
-9121
-7702
-12669
-14280
-14109
-12733
-15072
-18402
-19007
-14960
-13879
-11401
-14133
-17708
-6672
-5176
-6801
-7124
-2913
-1538
-3479
1588
2496
7478
8463
9827
11898
11144
11717
11091
12796
13148
10715
11104
12383
8883
9562
12938
11315
11308
10127
8043
6024
4917
4355
2414
3372
3166
3714
2079
-460
-247
-2442
-4608
-6574
-7214
-7462
-7581
-8706
-8876
-11046
-12488
-11742
-11579
-14978
-7693
-2751
-12252
-8369
-5888
-3996
-5821
-2589
-2291
-4413
-4097
-4769
-4567
-3037
5225
991
1687
3115
3959
6278
9073
10368
10756
12466
6531
7504
10515
10267
9444
10703
11359
9380
7409
9079
5749
5520
4758
5837
5998
2301
2779
832
1704
-1859
-2927
-3945
-5727
-8311
-9356
-8651
-13601
-7938
-7501
-2567
-3439
-5936
66
-1241
-1115
-2434
3230
3149
2135
3064
4005
1050
1365
303
3052
2221
-1618
-1558
-2794
-2951
-2251
-2264
-5424
-6258
-1324
-2744
-3771
300
-2245
-1550
959
1048
1630
179
987
2260
1265
1945
1552
4134
1594
-1319
479
-3312
-5702
-576
-4131
-7511
-2501
-5447
-10240
-4116
-5088
-2083
10580
-858
-1095
2082
4583
8707
4611
5847
4202
4916
6462
5261
5789
4851
6204
7210
3038
5821
3531
2081
-156
-983
2916
-2817
-1540
-1259
-3133
-3412
-5486
-5233
-6083
-7043
-5581
-8975
-13929
-6571
-5095
-8098
-4873
-8364
-6997
-4240
-5785
-3910
-4262
-3477
-4934
-2041
1145
-3166
2877
3410
3803
12060
6149
4465
9555
9900
9315
10711
10943
9825
12142
10878
11235
11721
10269
9707
9164
9119
7573
6539
6635
6129
3428
2627
558
2131
2838
185
-488
-772
-1018
-3909
-4504
-952
-3453
-8753
-7614
-8619
-9768
-13793
-11951
-12517
-13880
-12267
-16549
-15735
-11201
-13475
-15967
-9784
-11195
-9545
-5714
-3060
-1757
8087
8317
-1476
6826
10312
10466
9870
11546
11152
8225
10227
10872
11632
12429
12256
13349
12495
10688
10376
8500
7312
6114
4687
3479
1917
2155
490
4998
717
-1746
-863
-1036
-1673
-1452
-3425
-4778
-2751
-9462
-7911
-5491
-11000
-7739
-9337
-10606
-8905
-9300
-11950
-13133
-11894
-11381
-11079
-9946
-9937
-5840
-4156
-9135
-1432
1006
-2142
2376
4637
1859
4412
7857
5290
7199
8176
10095
10747
9580
7915
8811
9495
11840
7665
7343
5100
5415
5641
4628
2812
2588
4340
2546
1198
-2817
-860
-4207
312
545
-4261
-2487
-1084
-4152
-5539
-4649
-5607
-3896
-6281
-4761
-6737
-7895
-9015
-8129
-9050
-11313
1551
307
-7138
-6999
-1479
-568
-1646
-2471
-3489
-2611
-1021
-1079
-3482
-2467
-1700
731
-641
-1391
1910
4597
2918
4736
6850
6102
6266
2627
3335
5174
5683
3603
5601
4424
4905
6195
4304
4332
6127
4154
2028
4497
2992
5500
3502
1804
1611
2410
1305
-2189
-39
-401
-2352
-3135
-3965
2556
237
-746
7721
3799
3831
3274
3427
2536
1462
4384
1014
2026
2761
2884
1858
-1261
-739
-5750
-4411
-6485
-8233
-8080
-9321
-8444
-10784
-6042
-8050
-4936
-12720
-5685
-1567
-6790
1771
-510
1685
852
3379
4442
4886
5429
4626
4652
7240
1957
351
2307
1980
4636
-614
1041
-2390
-1786
-1468
6925
11652
-37
6507
7493
1901
5844
7686
5773
4410
2903
2217
2830
1601
3688
3609
594
1041
1602
587
-3012
-2145
999
-6433
-9267
-10846
-8617
-4736
-11732
-11664
-9912
-7740
-8995
-9571
-8325
-8359
-4221
-5680
-4375
-2150
-5452
-2932
-1556
-487
2995
2584
956
1652
-1035
1406
1096
1803
39
8608
9451
4423
6751
5964
9097
7607
8602
8392
7467
7813
6009
8997
4206
7186
5498
4447
3996
1634
1559
-911
-2379
-1317
79
-555
-6238
-5660
-1406
-3502
-6158
-985
-4164
-4327
-3656
-3851
-3666
-3182
-5017
-5892
-7028
-6488
-4591
-8012
-9447
-7823
-7535
-7943
-9340
-8581
-8193
-7234
-9790
-6247
-3501
3004
9108
4880
2631
7381
12166
8735
9495
11235
11455
9703
8514
9334
11406
10875
9616
9887
7810
6453
6888
5491
4266
1871
3894
5528
640
3624
4603
3020
4952
2386
3403
1532
2608
2063
-4084
-148
17
1022
-317
-2430
-1457
-4333
-1405
-1569
-7354
-10520
-8079
-7273
-10713
-15957
-12202
-11817
-9149
-3624
-9577
-6761
-1475
-3652
-39
2214
-2478
508
1882
2763
5920
4283
7630
4734
5551
7166
8343
6717
7070
7681
4843
9508
8567
508
5859
5541
7144
7170
3864
7170
4609
3083
3745
3431
813
179
-457
-1301
-64
-1784
-1666
-2273
-5346
-6391
-6489
-7212
-6541
-8726
-11119
-11122
-10208
-10361
-4790
-2442
-10100
-9302
-2417
-1278
-3592
-4487
-5683
-8216
-4576
-7063
-4760
-6107
-4554
-2251
-2126
173
-5912
-2730
1612
2468
4946
6451
4559
1627
7643
7166
8405
7711
7799
9984
9190
8676
8447
7573
5965
5282
4447
5241
3607
3265
3062
2317
2840
903
-32
-1545
-1034
-1839
-4962
-4129
888
933
-4624
-217
1051
1285
3257
359
327
1893
81
-1087
1312
3986
822
-4441
-1031
-870
-1222
-3011
-3399
-3218
-3129
-1405
-779
-7362
-5735
-1081
-4230
118
-4982
-3046
-273
-53
4686
4662
3385
4099
5614
3833
3574
2612
2360
237
-919
-802
569
1304
-2017
-725
-1409
-4994
-3958
-6759
-167
6446
-2729
-2819
-268
2863
1644
2193
5127
1044
5209
344
739
2642
799
4071
3366
2961
2704
4660
2234
3631
-580
-888
625
-2919
-1565
-2456
-2680
-5162
-5168
-5304
-6668
-7325
-5264
-8283
-8101
-4225
-5878
-6579
-6844
-6632
-4418
-3503
-4721
-1867
-2169
-1326
-1751
-2595
-388
-1632
2260
9906
5068
2469
4416
6755
9785
6290
10520
4921
3802
11009
6068
8816
10567
9352
9265
9881
10910
8749
8128
6608
5419
8312
6012
1791
196
2481
555
2303
2305
-2522
-2472
-5213
-3200
-2520
-5816
-8819
-9413
-8867
-9766
-12176
-12422
-13216
-12559
-15088
-16412
-16841
-14086
-12133
-13270
-12175
-14865
-11609
-9607
-621
-9
-4052
2931
4926
3564
3630
9416
11569
11157
12047
11010
11318
11676
13549
13728
12841
10727
10601
10890
10403
11931
9282
9493
4402
4431
7997
6209
6011
1377
2299
2193
-1396
-861
-1588
-1228
-2570
-4985
-5651
-7490
-6497
-7992
-9616
-11618
-11979
-11398
-14105
-15724
-16867
-14874
-15043
-15176
-11827
-5218
-9451
-12349
-8402
-6214
319
384
-1459
-2802
2136
6777
6191
8700
7775
9102
12332
11953
11705
11746
13509
13537
13113
13295
11629
8821
9852
9955
10429
7545
3764
5891
3637
3062
2296
1136
340
-517
-1688
-2478
-4585
-4872
-4674
-5563
-6603
-6928
-7493
-9084
-9070
-13226
-12795
-13888
-10463
-12092
-11400
-279
-4688
-8401
-5227
-2293
2122
785
-280
-635
-2281
-1975
-287
1211
-2200
3842
4021
3429
4579
1482
4911
6168
6578
8611
7239
2283
5932
8085
7549
7185
6128
7816
5526
2222
6441
5413
1152
1090
916
-253
-2451
-2688
-4856
-6965
-6583
-8922
-8279
-7857
-10248
-5866
-9498
-10278
-5676
-4581
605
-2430
-4722
1982
6204
5852
3409
4283
5233
7124
7072
899
3064
5467
3381
1940
2414
387
872
-119
-986
-1558
-1899
-1153
-6729
-1395
578
214
-5115
-6778
-327
-529
205
1778
60
869
895
371
2710
-228
259
-1303
419
-1745
-3871
-866
-1260
-2301
-2262
-1759
-3163
-3993
-419
5655
8671
4841
3975
8670
8924
11573
11214
11132
9443
9541
9983
9714
9879
7979
9167
6462
7189
5369
4156
2569
2287
4519
2280
-3510
-7080
-3024
-1795
-7735
-9763
-10307
-9797
-11586
-10416
-11859
-13865
-8310
-12220
-12841
-14155
-10993
-11091
-9904
-5372
-7097
-7522
-7646
-6242
-6050
-3723
-3212
-1459
6330
8348
4767
2841
7441
14663
12322
11472
10096
9918
10999
10989
12290
11394
11233
11601
11471
8732
6767
6531
5246
4358
4415
3760
5131
3892
-561
-282
283
-2529
-4082
-4978
-6200
-5782
-7863
-8753
-9629
-12935
-12149
-12767
-15971
-14134
-16324
-18307
-16089
-16296
-17795
-17944
-11510
-9512
-10002
-13424
-10779
-7097
-3230
2216
1361
2361
4164
9236
9547
11401
12167
12163
14103
15925
16325
15172
15239
15800
14099
11998
11175
9890
9884
9217
8482
8366
8946
3874
3874
3756
1558
1416
-53
-972
-1082
-3832
-3140
-5179
-7170
-4485
-7890
-9998
-11575
-7978
-12842
-11988
-8031
-9274
-11656
-12231
-11171
-10882
-12490
-17544
-9861
-5923
-5997
-4888
-7925
-3441
3481
-597
4075
3312
194
6524
6049
7218
10865
10834
10652
11895
10880
11629
8460
10118
12055
10569
10205
6475
8763
8204
7667
5446
5344
3062
-1341
1477
-1257
88
-2480
-984
-2248
-6062
-3308
-7151
-6147
-6272
-6784
-5122
-5286
-6791
-5756
-6395
-9227
-9353
-9592
-9253
-8329
-396
-1504
-4693
-374
-1153
-687
-762
-342
-218
-2489
-2387
-724
-970
-1622
-1603
383
884
2251
817
-2896
545
2319
4618
3045
1171
3353
4232
4556
3433
4963
4913
3780
5181
4589
1072
2081
2496
3285
3124
3161
2018
1648
3519
1182
-358
-2860
-1932
-2431
-4692
-3879
-4067
-3276
4388
3069
-605
599
1097
6426
6079
2761
2176
3866
5184
2412
2260
5314
5104
-7
-1609
-142
-648
-3568
-5261
-4138
-4805
-4458
-7361
-6791
-9186
-8053
-5531
-7409
-6522
-5836
-6076
-5491
865
2048
2195
1014
1689
3990
5210
4351
4028
3567
3249
3109
1134
2028
1441
-83
-2607
2755
-1012
-1670
7503
5906
4281
2931
6166
8126
8451
7720
7043
6429
5777
6176
5388
5667
5914
7294
5165
4299
2038
1336
2820
-124
415
-3598
-4333
-4318
-4202
-4222
-8734
-8836
-7822
-8043
-9103
-9338
-9119
-7238
-7298
-3286
-1041
-4712
-9239
-9371
-5325
-4627
-2963
-2459
-1641
-873
-1648
-651
-1263
-1333
-59
5007
10742
1024
2372
8582
9091
9531
7344
10628
5257
7030
8130
4958
6891
6287
7397
5579
4975
4417
3118
569
2062
5884
-144
-639
374
212
-414
-3296
242
-1887
-1890
-2992
-3966
-3350
414
-3291
-8566
-4971
-4866
-5927
-10091
-11967
-12284
-12013
-11697
-12649
-13150
-12954
-12420
-14280
-10520
-9984
-7308
43
1119
-747
572
4171
5834
6995
7726
10028
9248
6761
10309
6555
6970
6698
7990
8523
8395
10168
9583
6639
6774
6758
1559
1093
4285
4075
5491
2207
2618
4307
4463
5136
2060
1321
2454
687
-753
20
-795
-3164
-3403
-3849
-5488
-6061
-8205
-10768
-11161
-11854
-10467
-11637
-8638
-6065
-6146
-8111
-13963
-4508
-8198
-5270
-566
-785
-1375
-3136
-2344
2978
439
4085
7798
3977
7661
7001
7821
9017
9100
5166
7311
7847
8730
12329
6743
4944
5566
9196
9249
4148
6003
7217
6217
5835
2485
2396
2338
2241
3236
1168
-1448
-2345
-2992
-5580
-6183
-9476
-9700
-7923
-10041
-10376
-11199
-5075
-4998
-7519
-3870
-5858
-5522
-3159
-2694
-3100
-6765
-7771
-6156
-7886
-7303
-5862
-6668
-4258
-326
-5873
-3314
3359
-1943
3176
1732
3372
8511
5124
8761
6097
7819
9758
7978
8305
9261
10104
9091
7992
8103
9296
7505
5524
3339
677
2892
2077
727
-1280
-4076
-2496
-4573
-4564
-5345
-3323
3490
34
-3980
-4426
181
2129
-179
959
1583
-838
-5099
-900
-1641
-4417
928
-800
-1818
-1054
-1328
-1066
-2671
-2024
-2438
-2833
-2245
-1335
-2367
-2863
-374
1264
-1971
-5027
-1078
3487
2284
4833
4737
4515
4861
3597
4092
2882
3291
1569
2713
2349
-193
-292
-699
-2519
-2339
-3247
-2836
-1022
1514
3640
-1637
-2604
3241
3492
931
962
1925
2970
3447
3803
1078
887
4146
2879
4251
6587
4265
2388
2306
3573
979
-1655
520
3514
-2202
-2425
1161
-166
-1596
-5791
-5016
-6179
-8158
-6766
-7514
-8244
-1603
-3944
-4258
-2945
-10567
-4583
-6673
-5091
-3238
-5976
-4059
-2336
-1205
-3031
3613
10046
-1069
-3606
2019
1729
4608
3125
3854
1290
4163
5066
6886
9518
7128
8101
7816
6541
7179
6852
5454
7212
5777
5770
4605
4141
5902
5658
6631
5209
2738
3059
745
-1036
403
857
-3531
-4737
-1320
-3237
-6825
-8526
-7590
-8679
-11931
-13913
-13189
-14820
-14274
-14401
-17019
-13202
-13214
-10671
-11034
-9819
-2044
-4464
-4208
3098
1176
1827
6235
6004
7910
7717
8859
11234
11808
9253
9212
12717
13551
10481
10124
12691
11431
11143
10207
6653
5220
8439
7601
6977
6676
6346
6109
3197
3115
3671
640
-445
-1523
-1852
1508
-2687
-4983
-6003
-7316
-8949
-11225
-9876
-8353
-13483
-16671
-14878
-10379
-8134
-9224
-7909
-12023
-10738
-6669
-3622
-4688
-340
326
827
2372
-2757
3831
3019
4407
10524
8385
8171
9791
10822
11146
13374
13229
12559
6733
6083
9643
9354
8100
7100
8135
7644
8907
6628
6153
6034
4489
1904
834
-1485
-2731
-405
-3037
-4941
-4946
-7458
-8556
-11709
-13385
-9926
-12885
-10102
-10646
-8701
-2917
-2745
-6311
-7200
268
-287
2256
1012
-2308
-3473
-2806
-791
-3499
-3895
-3006
-3471
-4658
791
-1480
177
4930
1968
-1838
5184
-234
1208
5414
4029
5332
5233
6282
2995
8228
4375
5367
4031
3490
4193
3113
4096
-364
-390
-4885
-463
-1836
-2110
-2822
-6480
-7448
-8271
-4678
-267
601
279
957
612
4956
4917
5822
6708
1278
7681
5957
4255
5145
6187
3930
2699
5323
5705
3063
-2339
1698
3133
-265
-1416
-2813
-7543
-4967
-5267
-6528
-8373
-4996
-4210
-3326
-2031
-7667
-1932
-1923
-2374
1033
72
-440
901
1183
-680
-3230
-3243
-1431
-6465
-5444
-3966
-3063
-591
-2355
3432
4208
4808
6286
5266
7776
7240
5870
7345
8493
8217
6683
5406
6852
5405
5840
6519
7508
3229
3577
2160
6646
5654
589
-240
1133
-2059
-7541
-940
-4053
-4445
-5395
-5983
-7872
-8245
-9970
-11063
-12076
-13077
-13223
-15948
-12567
-12421
-11093
-11722
-16539
-11036
-9668
-8991
-3854
-2283
-1075
313
5821
9028
4322
4892
6889
11999
13605
11929
14890
12565
11122
13025
13624
9940
7756
9694
11215
11221
11638
9636
7473
8725
7974
5553
4483
5325
881
1228
3530
326
-1248
-3077
-392
-4034
-7073
-5804
-2980
-6890
-7048
-5790
-4805
-7914
-14293
-7280
-9962
-8946
-13058
-15030
-14025
-13288
-12076
-11657
-11875
-8141
-5541
-5444
-1354
-7544
-754
5227
5585
8080
11612
11257
10479
11028
11237
11362
12915
12262
9363
11092
9210
10794
8677
9044
10538
10322
9207
3393
2605
2510
3736
2157
661
2095
-281
-1284
-3659
-2076
-1747
-5064
-6602
-5709
-4201
-3969
-3475
-4201
-4448
-5532
-5247
-5265
-8577
-8174
-9180
-10418
-2705
-1051
-3271
-4814
-1069
-578
-1243
-816
-2613
-2691
-1235
298
-46
4074
2177
617
1550
4589
5161
3385
3926
3075
3431
3530
5391
6566
3865
1866
4819
5144
3240
2221
-475
3344
3010
320
4037
-6150
-4786
-2024
-856
-711
-784
2955
1189
-851
-32
-1988
-3314
-6172
-7673
-5188
-6462
-6487
-985
336
3
-1039
-347
2711
5163
3342
3872
5361
4123
2340
-293
1944
2073
-3387
-2026
-724
-2713
-4645
-4616
-3900
-6343
-5935
-5245
-2297
-8908
-8031
-2084
-5389
-144
1417
-1076
-1794
1037
4256
1869
1597
1592
857
3419
4729
3699
4988
5481
5228
-796
-2358
1213
-4285
-1599
24
1585
7315
3994
2605
6346
5883
7178
7769
4967
7129
6296
4870
4748
7580
7356
5217
4182
1570
880
40
-845
-2314
-2310
-497
-1305
-4195
-8226
-11529
-9393
-10316
-12554
-15500
-15613
-9641
-12173
-11859
-8514
-6125
-6184
-11555
-5129
-2646
-6137
-1811
870
-3992
-839
2627
667
989
473
1766
1504
2680
2241
7613
6072
7524
6348
9195
12365
11194
6117
10571
9264
6449
6891
8834
7453
7665
5943
4834
6343
3091
3550
1037
1400
-1084
-3871
1576
-3898
-7873
-6754
-1337
-3423
-5316
-2193
-3361
-6121
-8056
-3508
-4166
-5424
-7606
-7082
-7736
-11102
-8069
-6908
-8800
-7020
-6765
-6497
-6521
-7868
-2734
-4544
2225
9042
6974
7421
6433
10455
11020
12253
13256
12573
12700
10814
12257
10748
11240
11383
8719
9792
10248
8220
4319
7166
6251
3255
4462
2263
-3756
-3116
-657
-2996
-1386
-1074
-305
-266
-1814
-1621
-983
-2681
-3141
-7499
-7575
-3376
-5385
-5908
-8972
-9070
-8322
-9613
-10465
-7078
-13134
-13545
-10888
-14814
-9120
-3465
-2001
-9110
-6169
-3027
-556
-2021
-5164
4394
3419
2408
6035
5155
5148
5805
10111
8293
5913
6187
5795
4357
4627
6423
5527
5564
4458
3399
4892
6577
4909
-63
2800
3105
4159
5441
-1071
-46
748
2142
1627
-712
-410
-1696
-4399
-3397
-1939
-3082
-4694
-7448
-5009
-4904
-2085
-2270
-2031
-309
-5254
-1138
488
3061
2293
-3413
-1600
-872
-2776
-6742
-3505
-3944
-3794
-473
-3688
-3359
-4812
-1475
724
104
3742
8092
7536
1804
4982
7014
6467
7400
7847
8673
4778
2960
6205
5916
5501
6084
5275
5121
5197
2918
-675
-949
-2547
-5323
-1503
-3233
-5789
-4530
-6032
-6017
1765
-1631
660
-1515
-2322
3511
3254
2293
1081
1698
-734
-1441
-1159
-1425
-489
-2183
-4256
-4481
-3572
-4810
-4412
-4158
-3994
-2952
-4653
-6019
-6800
-6554
-5297
-1028
-4570
-10819
-3490
1386
259
1764
1002
1462
1549
2662
1788
990
2235
2143
3240
504
699
1000
457
-1292
-374
-1050
561
5952
4208
1648
1262
5935
7236
6744
6100
6370
3727
582
3607
1474
501
1290
1787
3903
826
2054
2179
2127
1865
5237
2151
-2258
-35
3446
-3518
-7755
-3410
-2316
-2524
-7819
-8052
-8839
-8932
-6451
-8441
-8531
-8642
-5360
-8095
-4654
-9177
-9410
-5526
-7927
-4740
-2784
-1671
-2756
-1361
-1783
313
722
7947
4474
594
5296
9063
8358
6537
11989
9105
10129
7555
9697
8162
8026
7819
5037
11522
10328
9171
9011
8505
9471
8495
3594
5399
4415
1924
4624
2676
2618
1633
1189
-1055
-2840
-3055
-4144
-4725
-4280
-6828
-8757
-9013
-10230
-11130
-13958
-13117
-15329
-15364
-16072
-17811
-16811
-14461
-12053
-5236
-6000
-10077
-1624
-736
1100
5440
1360
2794
9247
5762
9720
10451
7887
10765
11588
12552
11956
11347
11741
12259
11558
8954
8209
7767
7504
4362
4221
5710
6279
4049
4688
2995
2663
528
-575
-2344
-2674
-2972
-3410
-4561
-6019
-4490
-7624
-8893
-9603
-10105
-12690
-13231
-9486
-8861
-14886
-14736
-10977
-8236
-10818
-11490
-7922
-8971
-2126
-2536
-1773
-1151
-546
-499
1764
4829
1921
7450
6135
9429
11327
8704
11869
13353
13578
13931
12094
13099
11442
9081
12131
10919
11546
11018
10288
9113
8782
4517
2023
2066
1100
1402
-2516
-1750
-4796
-4396
-3703
-6526
-5513
-7818
-8447
-9679
-9093
-11917
-10313
-5753
-4416
-8269
-12131
-160
-793
-1765
-1225
-857
-347
-4
2326
-976
-1416
1194
1374
-4724
1343
-1881
-1863
-2386
-1377
-2485
-931
1678
-1034
-2081
794
6380
4427
6993
1657
6296
3414
4424
3924
2900
213
4020
4933
3723
-2156
-2953
-2953
-3386
-1241
-1508
-7187
-10034
-7416
-7854
-7278
-7438
-8225
-796
2042
-3328
250
2069
3227
2956
5695
7858
6142
8747
8178
8596
4816
7204
7509
8090
7521
2073
3199
7010
3656
-2489
1284
3553
-529
-4640
-1866
-2303
-3748
-4917
-5234
-5786
-7081
-6480
-8163
-3564
-9005
-10065
-4765
-7319
-3362
-1739
-4087
-6160
-4296
-4386
-3784
-4649
-5102
-1455
-526
554
3910
3109
2412
6318
8691
12079
8327
8176
10651
12711
10071
8812
12522
10308
11235
10906
9762
9684
9881
9474
6215
4830
6914
6951
4283
-137
2131
2095
-347
-127
-2344
-3740
-4455
-4631
-6398
-7308
-10352
-9290
-10388
-12087
-12932
-14888
-14908
-17312
-17249
-16996
-17311
-17617
-12490
-15956
-16965
-8575
-8738
-4273
-697
575
1940
3047
8851
12363
10665
7967
11012
13566
13826
13952
13637
12978
14346
14815
16075
15075
10694
12485
11339
9279
7780
8544
6105
3228
4912
4957
3539
1567
-512
-2034
-1971
-3085
-3281
-4333
-5216
-6547
-8203
-10594
-10541
-12420
-14016
-13739
-12521
-13959
-17831
-13494
-13889
-14046
-13225
-12802
-9400
-9982
-8838
-3163
212
-4167
-6429
1459
4599
-1473
1625
6130
5162
7942
8862
9560
12655
13438
13076
14446
13383
14129
13095
10647
8798
5175
8238
6245
7553
8925
6925
5649
1794
3629
2150
1232
499
-1312
-2776
-4279
-3654
-5153
-6877
-4866
-7719
-9363
-8332
-10091
-8915
-9910
-8851
-8124
-6978
-5468
-872
-553
-8566
-1798
1577
799
1587
-79
2638
488
-498
-1533
-1567
1441
314
269
-692
670
509
2584
3315
-431
6383
8801
4943
2520
3489
5373
6110
3538
4064
5207
4679
7032
5485
3036
1787
2492
725
1472
2068
1471
741
-2561
-2184
-2424
-3949
-2306
-3954
-2946
-2204
-3187
-513
466
1789
1119
4488
2801
4280
5763
4539
7583
4623
2982
2477
2714
1012
1477
4540
4114
-3348
-2651
2466
890
-4448
-5885
-4414
-8046
-5718
-6913
-9255
-9475
-8810
-10885
-7763
-6464
-11726
-6230
-7261
-4645
-506
-4042
-3015
-2019
-964
-416
1140
1551
230
198
10
2935
-272
-4200
-860
-281
2035
4425
410
-314
5232
7294
7959
8572
7825
8060
7150
7047
7431
5055
4077
5347
5590
5499
4598
3645
4018
4534
3475
320
1367
-3627
-4241
-2909
-5321
-5978
-12044
-6974
-10423
-10764
-6389
-8530
-8921
-10212
-8342
-10038
-10635
-9382
-11564
-9330
-8520
-12763
-7037
-6364
-5590
-1069
-758
-1303
-878
2765
4705
3768
5147
7263
8132
11659
10467
10816
11317
11770
12978
10061
10565
7386
7583
8468
8638
9091
5760
4730
7261
6003
6001
4980
208
3241
-136
-651
561
-2780
-7452
-1646
184
-3879
-3012
-4040
-2554
-3820
-4461
-3832
-4360
-8090
-5592
-6028
-10326
-10862
-12023
-13765
-11009
-11549
-10041
-9372
-9780
-5772
-5664
-1906
-5121
-2004
4139
3880
6754
7384
6832
9058
10131
9997
11259
10819
11169
11973
10247
7629
9631
11030
9257
10399
9301
7270
3555
1536
2606
2851
5679
3244
2052
2235
2360
1953
2031
160
625
2098
947
1104
-3871
-1950
-1796
-4264
-3659
-7220
-10804
-9242
-7985
-9715
-8429
-5872
-2936
-3789
-6890
-3165
-1455
-2731
-4453
-2482
-1761
-1879
-354
-1668
-5843
-3800
-1868
-2380
-4621
-334
1522
235
912
2814
1672
1646
1041
1666
5865
8594
5029
3594
4651
7784
6818
3962
3573
5705
5329
5388
-2398
-1298
3175
860
1198
139
-197
-1868
-1377
-2757
-5863
-5436
-3951
-2107
-6269
-3685
521
-3702
-4211
-2659
-1022
59
866
250
-449
-598
1766
-1509
-5637
-5293
-2450
-2001
-4653
-5294
-6363
-6701
-10930
-5170
-3121
-2593
-5212
-8213
-1772
-3205
-2147
749
198
4845
7151
6819
6008
1112
6293
7418
8105
9254
7673
7311
6100
5665
4592
3408
3783
1074
1959
1654
-2073
3394
4722
4191
1107
3243
5975
6548
5480
3953
3703
1777
3293
3205
3947
3574
1960
1843
1464
2541
-2158
-5390
-164
-901
-1383
-996
-1947
-3271
-3130
-2058
-3385
-3906
-3913
-4671
-2937
-8130
-9334
-4636
-4797
-4830
-6368
-4165
-6988
-6709
-2943
-3368
-2669
-1022
-2091
-1871
-1573
-1033
-774
-420
1646
316
2468
3888
3113
2426
7657
8574
6490
8584
6371
2706
2461
4202
2416
4308
2233
756
3291
3479
4445
2599
3516
4170
4649
4223
2346
-576
327
4246
3369
-610
-4923
-40
-285
-2714
477
1660
-2479
-7015
-3753
-3660
-6932
-7571
-9853
-10551
-9583
-9753
-9577
-11360
-10116
-11922
-11624
-7388
-6793
-3540
-2044
-2799
-506
3372
4216
5487
7632
7006
7045
6745
9709
5399
3249
8922
9296
11030
9926
8792
9488
9840
8205
5193
8836
8486
5758
7127
1972
2635
5133
4782
5055
4526
4466
3460
3276
1656
981
514
-383
-2521
-4701
-5216
-5553
-7021
-9034
-10132
-10029
-8592
-9486
-13207
-13439
-14102
-11965
-9067
-10681
-10396
-13066
-10868
-6976
-9698
-7781
-7628
-6437
-5857
-6258
-1055
-75
574
3693
4913
4811
5402
10105
7836
9235
10245
8060
7008
8623
7720
9853
8689
7172
6327
7260
8206
3486
4316
4975
4076
3710
2468
1537
2245
999
-1417
-3444
-5450
-4216
-5734
-6415
-6676
-7991
-8690
-6894
-6374
-2600
-3511
-1917
-3965
-8046
-944
-1967
-4230
-4252
-1873
-62
-1563
-3708
-2442
-4574
-2218
-995
82
-123
392
1422
-4780
-1373
-1382
1999
1320
1593
6938
8142
7488
5057
6866
5755
7062
8499
10170
8342
6339
6454
5770
6059
3725
4997
3272
3039
-904
-5586
-3083
-4956
-6086
-5747
-5706
-5322
-4983
-7592
-1796
-3494
-7293
-83
943
2125
2809
3619
3623
1509
2653
2939
478
2850
1514
4495
-319
-2881
2500
-274
461
-1217
-2460
-2427
-2543
-8005
-5989
-4356
-4908
-4522
-5518
-1840
-2887
-3497
-3874
-280
4
-1150
261
564
2267
1576
1865
947
1442
321
-395
-141
177
-1578
-892
-1220
-449
7981
3276
3178
3890
3942
7352
6807
9291
9189
6013
8663
9699
11346
10889
2584
5864
6638
6344
5887
6050
5581
6320
5100
-5170
-9242
-6125
-4510
-4523
-4115
-7822
-6935
-6711
-2146
-2225
-887
-1113
-2236
-258
-3629
-3352
2729
7706
3561
3784
11411
8607
10326
14338
4228
2152
8839
7319
8507
10152
8335
5935
7077
9883
4692
5256
8526
6283
8408
4801
4540
3213
3677
3591
949
54
-4219
-3923
-2166
-5409
-8251
-8527
-6142
-6042
-9296
-10728
-11052
-10526
-11204
-12260
-14021
-14755
-16086
-14305
-7680
-11659
-12515
-12115
-6553
4303
408
-1623
6919
7120
7031
5922
7411
11051
8640
10142
8831
8176
11499
10747
9247
9212
10568
8605
9177
11620
9495
9863
1932
3701
3052
3315
4423
-316
2069
3131
2447
778
-316
-4849
-6211
-3115
-4371
-3423
-7440
-9376
-9722
-7040
-5796
-9083
-9473
-12287
-14379
-10779
-9727
-10011
-10898
-11340
-9707
-6888
-10330
-12063
-6056
-2066
-2191
193
-2018
-2255
-183
-581
-1329
2665
5850
7740
11170
10627
11827
7860
11548
11762
9937
8639
4753
3923
5602
5432
3719
5761
5787
8103
6204
7110
5276
1319
-566
-3538
-1817
-6632
-2859
-4351
-3448
-190
-2993
-1429
-3914
-6359
-6988
-6957
-5774
-1417
410
2798
-1827
-4738
-1722
-892
-1496
1157
134
-2199
-2724
-810
2042
-1744
-2913
-1412
-3910
-1849
-2852
-3973
-3203
-2195
-2466
-863
2179
-1178
-3934
-3886
623
2233
-13
-456
345
-13
4375
-556
3337
2691
1144
9195
1800
3585
5075
1469
4296
3818
4081
3795
-386
1331
-989
-6057
-7167
277
3254
8310
5157
-723
638
6744
7736
5454
7857
6729
5988
2839
2627
1722
1422
2280
2109
5041
4250
40
-3124
240
-3322
-5716
-2153
-7001
-4087
-4712
-6270
-6766
-7065
-9737
-6304
-10728
-17067
-4576
-5610
-4914
-2329
-4354
-7813
-2530
2074
-1337
1314
421
372
4587
1699
-2704
215
-547
2220
4277
7692
9750
6065
8482
15263
12042
6561
9259
9510
11420
5693
3731
5218
5205
7551
3648
6931
7027
5776
4788
3734
2432
-2063
-4657
-6737
-4639
-2002
-1321
-5738
-1934
-8282
-7934
-1427
-5380
-3444
-8409
-9567
-6536
-5365
-6232
-7787
-9152
-9503
-8585
-12120
-16442
-8823
-7724
-9437
-6514
-8501
-8704
-13059
-6831
5309
8097
4035
3174
7879
10641
8218
6794
10712
8262
8853
8840
11153
10252
8865
6635
9743
10291
6487
7386
6048
6968
5651
3591
-3790
-433
-3262
-2793
1620
-4144
-291
817
-792
599
-86
-3185
-525
-3080
-162
1296
1694
-2198
-8390
-6040
-9351
-9189
-9597
-8769
-5944
-5081
-11749
-9614
-1886
-12
-1543
-9450
-2269
-2011
-3125
-4003
-896
3474
1000
3429
2796
-2059
-1089
1779
3550
4512
5639
5904
5546
8704
5279
7312
3376
-1308
10528
7863
2807
3724
5022
6861
6524
3828
5114
5838
2969
6821
6402
2229
-228
-1423
500
-1085
-2050
-2745
-758
-768
-2194
-7937
-7396
-9022
-6899
-5177
-6543
-4117
-464
-2014
-871
4193
2162
-160
-1220
-2719
-2769
-1071
-4507
-6328
-2206
-3664
-2681
-871
-970
-6560
-8815
-11193
-5143
-2236
-4232
-9389
-5324
-408
5442
6480
-727
3814
1883
2826
7578
11216
7706
2436
6665
6492
3301
6819
1534
1174
2868
1185
763
2487
948
335
-58
396
-2856
-4045
1040
-691
-3859
3066
8427
2527
698
5810
6202
5978
4594
757
1045
136
-2010
-3472
277
-1215
-1646
-79
1146
-2116
-1762
-1572
-7564
-1731
-1195
-8940
-8098
-4064
-6458
-6832
-4311
-8789
-7663
-8100
-6008
-1294
-2929
-2552
-1532
2405
1348
-666
-622
-516
-2102
-1522
-909
3182
2322
3054
4041
5867
9176
3060
2621
5832
10564
7537
3997
7639
4354
4156
5874
1224
5245
6542
-287
4263
6223
7030
1324
1641
4857
5312
6706
5223
-495
-2282
1866
-771
-829
-6718
-6967
-2677
786
-3591
-5716
-2696
-2272
-4795
-6847
-8856
-11404
-11818
-10576
-9436
-13291
-13478
-12540
-11435
-5972
-5378
-13267
-7642
-1502
2141
2240
-3489
1297
4702
3923
7135
6476
8855
6951
7965
4830
7707
11707
6203
10254
13439
11916
11256
8831
9283
8791
6216
6979
7542
6002
7569
2041
2075
-164
2185
1689
1713
624
-775
1213
1168
-5088
-3232
-2445
-7549
-8785
-8044
-5034
-6871
-8172
-11541
-11891
-13473
-16577
-15264
-13362
-14099
-10915
-6965
-7474
-10559
-10794
-1105
-2407
-2960
1014
-3219
-2946
-103
1845
6739
9256
9558
8318
10917
11717
8900
10229
14457
14441
11385
5995
4038
9820
11684
9913
6206
4255
6353
5289
3378
2379
2926
2927
4032
1661
1759
320
-4423
-5215
-6334
-7184
-8117
-5293
-5827
-6329
-6914
-8239
-4612
-8833
-8524
-6582
-7495
-10954
-5541
605
407
-1914
-1447
-3542
-2263
-854
-4795
632
1394
3384
1973
-1056
-647
-229
-2420
-3828
1973
4616
1895
-1205
3868
7016
6760
5884
6998
2998
4661
7373
5732
4363
2737
1047
-1033
-233
4339
954
-2348
-2914
1237
-907
-4969
-2828
-3670
-4029
-7271
-8693
-6935
-9675
-4938
-3724
3341
-4173
-159
3217
4742
6495
1299
6645
5883
6837
3178
1175
6222
7777
4750
1933
3024
2582
1175
901
2699
2981
284
-6103
-6443
-5013
-5464
-7444
-7710
-8400
-5576
-4064
-6741
-6794
-2907
-5956
-8753
-5502
-5764
-2165
-5093
-6073
-5792
-6563
-6446
-6677
-2998
-2644
-1814
-5162
598
3809
4810
2122
-1483
7494
8713
7480
10464
12137
12841
7244
8556
8105
9500
3113
9117
11817
10252
10908
5530
5753
5830
8777
7458
7896
940
-2656
-956
2789
1337
-1969
26
1412
-3043
-8795
-5578
-6060
-10266
-12464
-12730
-10476
-11565
-12015
-11838
-15681
-13698
-15718
-15240
-11706
-9828
-12113
-15485
-11078
-9747
-1933
1144
4672
2373
6339
12413
9006
8691
9964
11588
10687
12164
14266
16454
16804
12276
13421
9418
10495
11712
10462
6386
6212
10323
9466
7697
5082
6119
5991
1620
780
-836
-1200
-2277
-2443
-4971
-5052
-5035
-5271
-6122
-7470
-8406
-8862
-8071
-8541
-10281
-11234
-14606
-13430
-15662
-16272
-14731
-14617
-14074
-7653
-5020
-7991
54
872
1981
545
4216
2847
-2872
3049
4261
5646
7125
7996
9527
10316
13546
12128
9920
8266
10308
9336
8301
6525
4530
5512
4971
5938
4177
3468
3426
901
228
-1677
-4606
-2560
-747
-1113
-1908
-3832
-3464
-8964
-8506
-8385
-3724
-8953
-11948
-9165
-10294
-9141
-10122
-5363
-4852
-1135
1723
-4252
-3092
5298
578
-38
579
3524
2290
244
-868
-897
1403
3786
4013
3847
1166
-2492
4204
7465
3846
-4675
-2684
715
1294
863
4891
4088
-248
1727
305
1456
6506
3828
3258
2804
4643
2572
1098
2108
495
-3046
-3487
642
-1930
-268
-2603
-1441
-1068
-690
2548
-4786
-2753
605
3048
5158
7162
8246
7466
7104
3486
6597
7913
6868
1538
2033
2157
3434
5270
5015
-361
-774
-2325
-1478
-67
-541
-2509
-7495
-9516
-7155
-7825
-10141
-9292
-11557
-9978
-6802
-5841
-7552
-13592
-7639
-4638
-5123
-4301
-4858
-2169
962
2112
3081
2903
-2027
617
-3560
-5492
-1360
-1152
-436
617
6480
1322
5462
10681
6321
7133
7875
9694
5356
6895
9097
9232
6543
4756
5516
3164
7337
5919
5313
6441
2812
2329
-296
-2245
-548
-2250
-915
-6000
-4987
-4247
-8361
-12828
-6578
-5131
-8350
-9276
-7186
-6954
-6689
-8451
-12092
-10069
-10177
-9643
-7064
-7158
-4137
-6018
-12243
-8535
-1914
1491
2409
3553
1337
6303
12338
12079
8193
7185
10428
11572
11282
10475
10766
11669
12246
12047
11275
9275
7287
3400
3851
8241
7276
5885
681
-1073
-2502
916
4642
-604
-3673
2367
-3403
-3122
-3054
-3501
-4528
-1890
-1836
-2525
-3760
-1233
-218
-7503
-5148
-7971
-11821
-10984
-12194
-12083
-11000
-12690
-12947
-14709
-8403
-2779
-8335
-7887
-2335
2022
1415
2381
440
-3563
2103
7251
7579
6834
3434
3875
7597
8764
6082
4686
8165
12030
10400
8607
8917
2341
2993
4755
6599
5345
8382
3321
1749
2130
1874
1086
3192
3645
5010
4886
-2044
1894
-890
-3933
-1758
-5393
-5299
-6725
-6336
-4344
-4414
-8412
-8105
-3801
-5200
-8445
-4982
-177
-5115
-826
1278
2374
420
-6385
-6516
-6254
-3550
-961
-2165
-6780
-8172
-4884
-1074
719
-252
-6420
-3525
3661
1791
3602
5417
5460
6028
6356
4323
4728
9501
6391
3092
7485
5864
3024
5553
6275
5475
2180
1015
1032
1863
246
-1461
-3586
-3068
-5479
-5692
-4772
-2443
1517
331
1930
-1251
-6299
209
183
524
2089
3707
3489
-441
-226
824
-212
-3986
-2369
1793
-684
-4946
-3837
-5171
-4413
-417
-5583
-7190
-4509
-5895
-4603
-1811
310
121
2053
-5905
-5836
-10
-3074
-2099
3165
1183
659
3198
3293
3136
3194
4561
4003
3617
3948
2294
2064
-140
-1184
3472
6533
1803
2874
4158
1261
4628
3144
1413
7573
3648
5312
4135
6251
5490
4161
441
-434
-1442
2185
2678
-96
5876
2506
-3431
242
3018
-454
-1727
3389
2024
-6047
-1814
-2134
-2485
-7136
-5741
-5361
-8365
-6163
-8919
-8507
-10942
-11150
-7109
-5474
-6442
-8528
-12936
-10994
-6231
-964
213
-6361
-3188
1692
-289
529
1144
5194
6777
6954
8979
5861
5262
4067
7179
6256
9824
9563
5070
9151
1602
2676
6881
8656
8601
6738
6785
1133
4413
3181
2681
4064
-495
1054
3332
4567
2961
-95
-1683
-2513
-4242
-3645
-3105
-6159
-8479
-9353
-8995
-6466
-8345
-8971
-12189
-14316
-15528
-15218
-9838
-10644
-7225
-7443
-9476
-4116
-5300
-6706
-3225
-4506
2200
2090
926
6496
5864
6918
10798
10462
8362
9173
10021
9274
11118
11800
14722
8196
-19
4506
7883
9471
8636
9685
5859
6973
7264
4383
2883
2361
2980
269
214
-850
-2267
-704
-1620
-4177
-8372
-10106
-4784
-3604
-7767
-11189
-10887
-8128
-9576
-11236
-4516
-10287
-11656
-6890
1581
-2411
-12318
-4197
-8836
-3216
-1457
-3117
714
-584
-63
-14
3376
6694
2720
3535
6116
6119
10768
7784
2360
2137
6824
11173
10071
9408
10327
5715
4883
5295
4907
7043
5158
6637
6998
7142
3499
1079
-1843
-5879
-5527
-7601
-3608
-2363
-3714
-9849
-7829
-9702
-6668
-2436
-7545
-4015
-2085
1624
-615
-625
174
-2042
-786
2708
880
1640
4162
4392
4449
3923
681
-4577
-3549
-339
-930
-779
-286
-7635
-8676
-5053
-5161
-6606
-3045
440
-3685
-6543
-3481
688
758
2363
4361
3345
184
-514
775
1659
3467
2616
374
-2556
-4667
-6232
-4382
118
-1221
757
-3149
-421
3387
-122
-3064
3723
7974
9083
6804
6096
6054
6527
8336
8761
11376
6560
5824
6581
9004
7081
7023
4917
3837
4167
1810
197
-2168
-2315
-3987
-843
674
-5894
-9286
-9144
-9758
-7497
-7933
-7374
-7768
-11395
-11730
-12863
-8311
-6716
-12138
-9287
-6718
-4802
-2687
-1066
-4500
-10029
-6411
-182
3613
5030
5721
5361
8867
10375
8796
12249
12279
11778
15376
13028
9577
11020
14462
7545
4126
11589
9170
10264
8635
5730
2709
4443
6093
1249
-1108
-1682
-2299
-2235
-4023
-4767
-4678
-7573
-4243
-3652
-5330
-6524
-10621
-8607
-10822
-14100
-14931
-12864
-14384
-15895
-15328
-18582
-19135
-14718
-14230
-16960
-13939
-9376
-5585
-1863
-3143
-3392
2609
10003
7546
7435
8559
5406
8235
10123
10825
12315
10885
11706
10906
11139
9658
12688
13408
12187
11574
10310
10258
3396
1423
1240
-1818
2245
2972
1342
-1220
-3377
-3828
-6487
-6219
-7938
-7008
-4886
-2673
-4849
-7381
-9242
-14603
-8341
-8704
-11786
-9814
-6780
-5108
-7290
-9813
-7830
-3277
-4303
-3631
-1629
-1184
-5074
-410
2833
2889
3556
2254
2755
9491
5786
2970
5792
7957
10259
11201
10683
9272
9603
10234
7957
9597
6603
6500
5721
6681
6758
5418
958
164
-1657
-1122
386
2602
3027
-802
1425
-10956
-1823
2512
-5672
-303
-4027
-6583
-4858
-5422
-6631
-7509
-7018
-4901
-1496
4429
2156
-794
-1163
2092
7084
5852
5480
2325
3149
1249
522
1169
3099
2878
510
-925
-1228
-1939
-5804
-6622
-4119
-4556
-2954
306
-4245
-9445
-4730
-3516
-3840
-4518
-1464
-1864
-3157
-2621
948
-2580
-1341
5830
1175
425
811
4049
4436
4972
2720
-1605
-822
-510
-99
2265
311
-2394
7569
1746
3791
7270
6355
10898
5794
8447
8155
8549
5659
5189
5826
4900
4563
4538
2896
1245
1092
1574
2600
2281
691
-7520
-5590
-8315
-7458
-8608
-7838
-6626
-9864
-9888
-10711
-13430
-16182
-10724
-15046
-8938
-7537
-10991
-7743
-2088
-62
292
2536
1190
606
1020
3742
267
3156
975
2473
1649
3372
8989
7210
6787
4466
12781
15232
13754
13049
13245
9282
5394
6698
5745
7638
6683
4623
3390
2856
3530
3635
3212
668
-66
2712
-1523
-2223
914
-2546
-8408
-8089
-5040
-7330
-6082
-4999
-6722
-7559
-9585
-11049
-10252
-7544
-9648
-7205
-6143
-7875
-10466
-8866
-11354
-8390
-5817
-9450
-10456
-3984
1335
2503
3039
929
5577
10010
12987
13308
12258
14216
10972
9240
9611
9626
12040
13177
13019
9632
8758
7088
5812
4779
2937
4848
2397
2144
211
1747
3493
-3965
-2855
-441
-3295
-2181
-2299
-4351
-1454
-1841
-453
54
-3167
-5555
-9109
-8820
-9841
-5946
-2850
-7041
-12574
-13606
-11811
-11787
-10436
-7843
-9745
-7283
-8658
-9348
-5726
-2581
1146
-2828
2118
3127
689
64
1766
5399
9495
10645
9182
10713
5280
7894
6190
7146
3261
2844
6752
-964
3029
8449
8969
10008
8646
7273
5618
5310
7262
4078
-1899
856
-108
-4357
-2876
1868
-117
273
-1597
-4473
-6577
-7617
-7347
-6519
-4309
-2040
-4107
-5391
-1656
-4838
-4886
-4301
-4441
-2160
936
493
578
1128
-381
-3113
-3525
-7417
-7272
-6120
-775
-1091
-2438
-690
-2531
-2104
-5650
-3331
369
1619
4793
6056
3451
2674
4924
5226
6104
5512
6565
6083
1996
7376
4012
1414
3509
-697
1018
3356
4414
2423
-488
-2316
-8242
-6182
-7735
-6710
-2048
-4347
-4286
-2131
-2073
-3371
-3856
-2888
5681
3171
5304
4347
-2296
-1798
-2460
484
-1986
-588
3840
2061
490
2180
618
1768
-426
641
-2457
-7806
-4817
-6332
-3723
-3476
-4521
-4822
-4245
-6
-4839
-3837
2280
1676
1248
1694
1587
3472
3654
2357
2902
3217
-568
-1727
-3763
-3595
-2804
987
557
1662
6139
5145
5405
2584
6590
7891
539
4526
6697
5579
7602
7397
4458
5215
2721
4815
3185
167
4697
6266
5872
4361
4349
-242
1364
5487
3141
5106
-2739
-6055
-1089
-3760
-4024
-1259
-3022
-6297
-9138
-10127
-11189
-12306
-12508
-11937
-11360
-10864
-9862
-9703
-11428
-8289
-4860
-8211
-6287
-5702
-6138
-4174
-1666
-2080
-952
1028
-1750
1582
4751
3785
6892
7937
8099
11682
10046
8971
10299
12421
13762
14999
10733
7659
9700
9596
11318
10766
5019
238
611
4849
3652
1607
3879
4051
6246
4572
2020
602
-119
-55
-4740
-3419
-1703
-4637
-9077
-8481
-6646
-9525
-13909
-14837
-16694
-14780
-13261
-16567
-15701
-14191
-11126
-14373
-9014
-7823
-12718
-4095
1619
4427
8260
8725
6209
10480
12340
12212
13306
13611
14889
13551
13541
11154
13134
8947
6053
8694
5747
8280
9676
10752
8847
7901
6646
6112
6931
4964
6366
3650
3192
975
-1930
-133
-2917
-4563
-6213
-7437
-9092
-11807
-13109
-13657
-13343
-15031
-12958
-14512
-16518
-14501
-13439
-12026
-7726
-5496
-8259
-5566
-5922
-6638
-934
13
457
-955
2550
2035
2388
1772
-120
2301
5222
6883
10283
11989
13372
11195
8103
9919
12094
11444
9792
8203
11191
11078
7649
5449
3992
4022
4070
5156
6412
4401
1792
-1925
-1655
-2426
-4702
-6727
-8518
-10456
-13369
-12726
-10634
-13058
-12153
-8721
-1140
-205
-709
-3764
-4726
267
3566
2659
1917
3640
4295
-1593
-2860
-645
-1299
-382
-2028
1176
2722
1642
1849
3912
1372
-551
-6373
-3782
1051
-54
-23
-2183
327
2831
3784
1825
3001
1971
1623
4901
5308
6157
2675
2482
-982
-1828
-2761
-2708
-4541
-3636
-2811
-4653
-3777
-5536
-9309
-9200
-4724
2150
4331
77
3278
5790
5573
8345
8142
7294
4085
3393
5668
4401
4711
4528
4016
6401
4288
7475
6226
3652
563
472
-2578
-7234
-4623
-6791
-6593
-5468
-7134
-7482
-5115
-7291
-9186
-5465
-5125
-5999
-5648
-8261
-8945
-9987
-6877
-5012
-6801
-5899
-1579
-1179
-3702
-3393
-3591
-1595
-995
4255
3982
2361
3528
4020
8725
8214
9365
9929
11566
8902
6832
9483
8058
10342
11288
8676
8688
4562
5579
6382
7393
6865
4812
4113
-1206
4975
2862
-2113
-4184
-4509
-5403
-7136
-1322
-793
-5041
-11568
-7717
-9138
-12582
-12371
-13565
-12175
-10388
-15249
-15044
-15412
-14389
-11579
-9963
-7649
-9706
-5720
-5892
1633
4966
2659
-98
-1368
5285
7441
8534
9748
12303
13031
13202
13710
14816
14513
13773
13272
14312
14003
10502
10819
11297
5582
2918
5982
1188
956
2705
627
1731
1502
2272
-683
-2405
-1161
-1837
-1484
-1798
-5055
-1603
-3198
-6848
-6299
-9649
-10323
-11285
-11413
-11785
-11329
-12924
-11092
-6767
-6061
-4455
-8691
-6109
-4682
-8068
-4452
-880
-821
-2795
-2970
-1466
2714
4590
4016
4372
6374
8529
9314
7726
9903
10082
8821
8657
8028
9664
5693
2628
6652
8204
8099
6693
5830
5949
1497
2502
-6665
-7292
983
-2064
2478
197
-1622
-2329
-4826
-3790
-4438
-6106
-5592
-4590
-7724
-4506
-10363
-9390
-8232
-9013
-1655
-6324
-1775
-304
-6475
-5
477
3683
667
-4841
-2843
-4789
-4133
-4731
-5416
-2476
-1561
-51
-397
2157
575
-100
2008
4590
6270
2574
-338
1534
804
1620
1207
678
7846
4269
4167
7054
4326
3793
4799
3584
1760
4207
4513
4760
4289
-1617
-4060
-3531
-4209
-1842
283
-1717
-530
3748
283
2994
2336
-1970
2759
2675
2433
2534
5341
3835
3651
3745
1290
-1755
-2895
-2067
-2710
-3964
-2410
-1538
-4596
-5405
-7137
-7242
-12826
-10425
-7620
-13148
-4913
-5943
-6965
-6347
-8625
-1572
1326
1108
3811
3250
1427
1623
998
4169
4743
3312
5722
2701
2806
3887
-1197
-455
1093
1751
-579
3844
7396
9029
5459
1054
9061
5119
6961
9104
6603
6120
5589
5606
2880
3349
1533
1673
1503
40
1434
-1155
-3005
-4153
-1878
-5616
-5376
-3709
-2256
-3193
-7332
-4345
-1708
-3400
-5170
-7588
-8724
-5924
-7743
-6149
-6973
-12828
-8709
-6757
-5043
-3301
-4557
-3740
-4171
-1423
1713
180
2408
1614
5751
8833
4495
6509
12711
11967
9579
7714
7686
7586
9061
11857
10393
7223
6057
3161
4300
3640
631
1931
4363
-827
1417
4861
-340
-2754
-2934
-3288
-1942
298
1331
2205
780
-697
-1602
-1792
316
-3181
-4846
-2945
-2767
-2728
-4395
-10709
-10639
-7240
-6575
-10438
-14531
-11180
-10420
-10933
-10702
-10873
-3591
456
-4616
-1154
-817
711
3014
3657
6219
6331
7196
8429
8108
8096
6882
4781
8486
7470
5524
6883
8613
5403
4343
4799
6445
6928
2519
484
753
3256
2500
1839
4639
5048
1254
3965
6026
2023
3533
-522
-1910
-2953
-84
-1608
-8549
-9252
-9091
-9124
-10568
-7639
-4961
-8261
-10717
-6478
-4817
-6801
-10207
-5081
-3977
-6196
-2711
-4274
-3468
-3803
-3012
-2661
-2570
-5135
-4033
-1123
-773
4466
2825
3646
2152
2844
4924
6052
5393
4407
5372
7171
9372
7147
10768
5017
4223
5128
4899
6232
4831
8114
279
-392
3643
3197
3626
1519
-1982
-6647
-7118
-8100
-6831
-6262
-5842
-6262
-2637
470
-2505
-1879
-2213
-3390
-2069
-3721
-673
735
-1748
-362
-2529
-4354
-1489
1367
-6423
-7333
-4235
-3539
-2463
-2355
-2168
-777
-28
-277
-527
-5269
3308
1738
932
4873
2835
6161
5886
7672
7632
7232
5566
6405
6273
5854
5479
3495
5216
4643
4051
3935
2108
-730
-3674
-2488
-6657
-4005
1483
886
-1316
1985
5757
-1309
319
600
577
-116
942
3943
2314
2864
2103
2825
3067
2023
-992
-2134
2170
-1240
-5676
-3981
728
-3205
-12438
-4298
-4187
-5737
-6741
-8277
-7007
-7141
-4596
-6759
-4231
-7986
-5917
-916
-3391
-2453
-542
-1443
-2259
-1318
-1531
634
-13
-2904
-2909
-4573
-6060
-695
5461
3931
4455
4857
5997
9464
5898
10557
10615
1423
5524
6555
3297
5695
6323
5942
9054
8736
7665
6495
4862
5018
231
846
7407
3799
-3070
-3574
-2023
467
-773
-2460
-2819
-4828
-5706
-8725
-9338
-9854
-10441
-11049
-11638
-11137
-11040
-10622
-12059
-13098
-12685
-11651
-14778
-13454
-7884
-8812
-3947
-3511
-2719
-54
3762
6278
4199
8090
7320
8784
12166
11583
10809
11467
14121
13986
13498
13139
12478
13233
13810
7890
7610
10570
9042
10579
3218
2405
5984
3898
383
-895
956
-866
1408
-1620
-521
571
-2576
-5322
-7730
-5641
-8483
-7857
-6161
-7307
-12023
-12856
-11436
-11176
-15268
-16387
-13894
-15613
-11658
-10492
-9846
-5890
-7554
-5069
2035
-1283
1677
4099
6191
9213
11885
12848
12231
13568
15511
14147
12024
16056
13782
11505
9797
10730
9877
9031
4814
5266
8158
8695
7558
5150
3214
282
2351
1748
1652
-1943
-2663
-3505
-4566
-5028
-4804
-5324
-5673
-8172
-8864
-9018
-11456
-12366
-11019
-10755
-10784
-6630
-6437
-3909
-6810
-2857
-1724
-3148
-1297
-1952
-1484
-2413
-939
241
1161
375
-682
-1373
1698
890
-2320
280
3365
3526
3726
5524
2643
927
4894
4258
5208
3753
5859
7295
6684
6229
3057
737
-35
971
-548
-298
-1721
-967
-3440
-5072
-5024
-9413
-7488
-7867
-8144
-10414
-10196
-4831
-7099
-2120
3377
-127
-90
-1183
2163
3178
2172
4350
5560
5218
3412
5302
6585
4204
1323
2129
3115
3442
1287
109
-1531
-2541
-3511
-3686
-7158
-6718
-5967
-5717
-4604
-7878
-138
-2707
-4101
1975
-370
-123
-696
-379
938
-1366
1119
-871
-4124
-4077
-2818
-985
-525
-1373
-3291
970
2911
5265
4891
1273
4083
7224
7519
7426
8199
11178
12253
9797
8284
10668
8518
7761
8127
7373
10214
7941
5949
4272
4213
4841
1005
422
-3578
-7003
-3427
-4012
-6633
-6420
-6763
-6754
-9793
-10415
-10000
-11948
-10755
-11042
-10137
-12257
-13460
-14913
-16895
-10923
-10183
-10401
-8015
-5945
-3472
-2927
-1181
-1697
1830
3046
6321
6608
6288
11933
8956
10065
9000
10188
12691
12559
12788
10752
12103
11781
11886
11134
8791
8581
8760
8609
6695
5460
3378
4276
810
-3830
-805
-3229
-2193
-3627
-5513
-5433
-5445
-7646
-10786
-7470
-8307
-10876
-14284
-11558
-10545
-14283
-13185
-15346
-15893
-13907
-14559
-14423
-11268
-11259
-13101
-8037
-3821
-1499
400
-334
4484
10886
9977
10306
12651
10692
10174
12616
15050
14397
12758
13594
14043
15253
13865
12297
11262
11209
11991
8705
8194
2936
4676
6283
3223
2770
-723
2209
-80
-1633
-3675
-6537
-5487
-7977
-7240
-8501
-7744
-6081
-8311
-8121
-8508
-9965
-12127
-12551
-12252
-9155
-8350
-10062
-9731
-7185
-4389
-2557
-5901
-8365
-3118
-3110
-2832
-1430
2856
3662
2879
-2666
888
6924
5627
9624
8244
9983
10664
11520
10740
10240
8989
9196
9434
3891
5793
6481
6951
3577
3182
1951
-461
3810
24
-1659
793
-3582
-4286
-1081
-1753
-2013
-3900
-362
-4267
-6080
-3612
-4203
-7469
-9705
-10049
-7108
2505
1288
955
-1170
3990
4749
2398
5628
3245
1611
-274
3950
5488
377
-3484
-2883
-1632
-1215
-248
-4172
-1866
-1004
-4112
-2549
-1764
-2174
-4123
-1102
1551
3407
-1013
-1866
1678
-115
2423
2501
-571
641
1375
-648
867
1215
984
112
-700
2183
2056
-1025
-2656
-2107
-3180
-2214
-3960
-3867
4390
4192
1809
3609
7219
7184
5370
5283
4724
7075
6199
6402
8253
7532
4590
1617
405
1341
1982
-122
-1180
-4543
-4954
-1753
-4121
-8624
-11210
-12698
-10653
-10806
-10962
-6111
-7500
-9674
-7844
-8984
-7039
-4329
-5754
-4626
-3054
-3629
-2422
1121
-761
1208
1762
265
1007
628
-1460
-1724
3298
6193
5484
-19
8380
12817
6580
9522
8927
7845
8663
9385
9611
8401
9396
9618
8950
4706
1933
3906
2005
2386
912
1323
169
-1067
-4993
-3736
-1914
-4965
-4040
-4129
-4448
-9471
-8307
-6268
-7042
-9301
-9277
-7043
-9888
-11030
-11976
-10677
-5510
-7108
-12848
-10834
-6424
-8650
-7269
-7115
-2505
-333
73
7952
6901
2223
5368
9804
9059
10288
10819
10804
8028
8933
11432
12486
12065
11945
11142
9154
10177
5250
3883
4676
3138
2770
457
3635
1809
-1261
509
-1183
64
277
1575
2161
865
96
-830
-2472
-3650
-5205
-5611
-4422
-4092
-5114
-7607
-10358
-11660
-11840
-13180
-12264
-12785
-14692
-14878
-8773
-3584
-5816
-4376
-673
-3457
-3083
1649
3444
5764
3919
7407
9830
9130
10470
9246
9934
10571
12524
10976
7741
6655
6281
7885
9145
5206
4723
4734
6433
4303
3606
6616
3796
5970
3973
4441
1906
735
1056
-476
-374
-625
-3149
-4556
-5959
-6417
-5682
-9269
-10404
-11938
-10114
-14817
-13588
-11141
-7058
-6135
-9276
-5825
-4441
-2868
-8749
-9055
-7385
-8313
-5102
-7678
-1246
-2504
-5393
-1676
-5586
1016
1020
2023
4039
4552
2731
3108
5510
3989
3971
6582
10460
8519
7299
6459
8397
6520
7623
7516
4669
6617
6335
4628
2443
1744
1613
2677
1581
-1886
-4176
-4057
-2886
-5840
-7513
-9348
-4442
4236
-1171
-5883
277
2112
-1431
-1260
-473
-978
1115
354
-991
2715
-580
-2700
-439
-2208
120
-4006
-3460
-1586
-4303
-2571
-4159
-3158
-3162
-2647
-2885
-1561
881
2892
4075
6507
7604
6451
7068
5871
7245
7910
5825
5910
5011
3005
3483
3309
2855
785
163
-653
-1839
-2215
-5962
-6850
-4396
4092
3609
-2440
-927
636
1903
2334
3069
2171
1708
-1133
2501
3454
5164
3388
204
5033
2118
2689
891
1426
5084
1493
-2933
-2556
-6129
-3054
-4301
-5933
-4175
-5754
-1628
-5638
-7362
-6545
-1988
-5227
-7936
-4604
-3951
-4578
-3741
-3053
-3579
-522
-2145
-2217
-2652
-2661
-3428
-3890
-4224
-623
5379
3144
241
1301
6877
5114
4209
4307
1458
5510
3939
3458
3571
3877
6121
4196
7670
7242
4761
6019
4909
6216
5739
7616
3856
145
5838
1236
428
309
528
-487
-2172
-1474
-1854
742
-3655
-4734
-5515
-6380
-7255
-8672
-10498
-12821
-13835
-15684
-10671
-9900
-13235
-13323
-14510
-12136
-7936
-7457
1243
2099
-3998
2067
805
3870
6052
6689
8121
4544
9914
10232
9769
10958
10526
10947
12330
12656
11293
11405
11220
10097
9065
10216
8147
6473
7700
6863
4142
2257
4257
2703
149
1563
-350
148
-1076
-3442
-4093
-4316
-5920
-6753
-9121
-7702
-12669
-14280
-14109
-12733
-15072
-18402
-19007
-14960
-13879
-11401
-14133
-17708
-6672
-5176
-6801
-7124
-2913
-1538
-3479
1588
2496
7478
8463
9827
11898
11144
11717
11091
12796
13148
10715
11104
12383
8883
9562
12938
11315
11308
10127
8043
6024
4917
4355
2414
3372
3166
3714
2079
-460
-247
-2442
-4608
-6574
-7214
-7462
-7581
-8706
-8876
-11046
-12488
-11742
-11579
-14978
-7693
-2751
-12252
-8369
-5888
-3996
-5821
-2589
-2291
-4413
-4097
-4769
-4567
-3037
5225
991
1687
3115
3959
6278
9073
10368
10756
12466
6531
7504
10515
10267
9444
10703
11359
9380
7409
9079
5749
5520
4758
5837
5998
2301
2779
832
1704
-1859
-2927
-3945
-5727
-8311
-9356
-8651
-13601
-7938
-7501
-2567
-3439
-5936
66
-1241
-1115
-2434
3230
3149
2135
3064
4005
1050
1365
303
3052
2221
-1618
-1558
-2794
-2951
-2251
-2264
-5424
-6258
-1324
-2744
-3771
300
-2245
-1550
959
1048
1630
179
987
2260
1265
1945
1552
4134
1594
-1319
479
-3312
-5702
-576
-4131
-7511
-2501
-5447
-10240
-4116
-5088
-2083
10580
-858
-1095
2082
4583
8707
4611
5847
4202
4916
6462
5261
5789
4851
6204
7210
3038
5821
3531
2081
-156
-983
2916
-2817
-1540
-1259
-3133
-3412
-5486
-5233
-6083
-7043
-5581
-8975
-13929
-6571
-5095
-8098
-4873
-8364
-6997
-4240
-5785
-3910
-4262
-3477
-4934
-2041
1145
-3166
2877
3410
3803
12060
6149
4465
9555
9900
9315
10711
10943
9825
12142
10878
11235
11721
10269
9707
9164
9119
7573
6539
6635
6129
3428
2627
558
2131
2838
185
-488
-772
-1018
-3909
-4504
-952
-3453
-8753
-7614
-8619
-9768
-13793
-11951
-12517
-13880
-12267
-16549
-15735
-11201
-13475
-15967
-9784
-11195
-9545
-5714
-3060
-1757
8087
8317
-1476
6826
10312
10466
9870
11546
11152
8225
10227
10872
11632
12429
12256
13349
12495
10688
10376
8500
7312
6114
4687
3479
1917
2155
490
4998
717
-1746
-863
-1036
-1673
-1452
-3425
-4778
-2751
-9462
-7911
-5491
-11000
-7739
-9337
-10606
-8905
-9300
-11950
-13133
-11894
-11381
-11079
-9946
-9937
-5840
-4156
-9135
-1432
1006
-2142
2376
4637
1859
4412
7857
5290
7199
8176
10095
10747
9580
7915
8811
9495
11840
7665
7343
5100
5415
5641
4628
2812
2588
4340
2546
1198
-2817
-860
-4207
312
545
-4261
-2487
-1084
-4152
-5539
-4649
-5607
-3896
-6281
-4761
-6737
-7895
-9015
-8129
-9050
-11313
1551
307
-7138
-6999
-1479
-568
-1646
-2471
-3489
-2611
-1021
-1079
-3482
-2467
-1700
731
-641
-1391
1910
4597
2918
4736
6850
6102
6266
2627
3335
5174
5683
3603
5601
4424
4905
6195
4304
4332
6127
4154
2028
4497
2992
5500
3502
1804
1611
2410
1305
-2189
-39
-401
-2352
-3135
-3965
2556
237
-746
7721
3799
3831
3274
3427
2536
1462
4384
1014
2026
2761
2884
1858
-1261
-739
-5750
-4411
-6485
-8233
-8080
-9321
-8444
-10784
-6042
-8050
-4936
-12720
-5685
-1567
-6790
1771
-510
1685
852
3379
4442
4886
5429
4626
4652
7240
1957
351
2307
1980
4636
-614
1041
-2390
-1786
-1468
6925
11652
-37
6507
7493
1901
5844
7686
5773
4410
2903
2217
2830
1601
3688
3609
594
1041
1602
587
-3012
-2145
999
-6433
-9267
-10846
-8617
-4736
-11732
-11664
-9912
-7740
-8995
-9571
-8325
-8359
-4221
-5680
-4375
-2150
-5452
-2932
-1556
-487
2995
2584
956
1652
-1035
1406
1096
1803
39
8608
9451
4423
6751
5964
9097
7607
8602
8392
7467
7813
6009
8997
4206
7186
5498
4447
3996
1634
1559
-911
-2379
-1317
79
-555
-6238
-5660
-1406
-3502
-6158
-985
-4164
-4327
-3656
-3851
-3666
-3182
-5017
-5892
-7028
-6488
-4591
-8012
-9447
-7823
-7535
-7943
-9340
-8581
-8193
-7234
-9790
-6247
-3501
3004
9108
4880
2631
7381
12166
8735
9495
11235
11455
9703
8514
9334
11406
10875
9616
9887
7810
6453
6888
5491
4266
1871
3894
5528
640
3624
4603
3020
4952
2386
3403
1532
2608
2063
-4084
-148
17
1022
-317
-2430
-1457
-4333
-1405
-1569
-7354
-10520
-8079
-7273
-10713
-15957
-12202
-11817
-9149
-3624
-9577
-6761
-1475
-3652
-39
2214
-2478
508
1882
2763
5920
4283
7630
4734
5551
7166
8343
6717
7070
7681
4843
9508
8567
508
5859
5541
7144
7170
3864
7170
4609
3083
3745
3431
813
179
-457
-1301
-64
-1784
-1666
-2273
-5346
-6391
-6489
-7212
-6541
-8726
-11119
-11122
-10208
-10361
-4790
-2442
-10100
-9302
-2417
-1278
-3592
-4487
-5683
-8216
-4576
-7063
-4760
-6107
-4554
-2251
-2126
173
-5912
-2730
1612
2468
4946
6451
4559
1627
7643
7166
8405
7711
7799
9984
9190
8676
8447
7573
5965
5282
4447
5241
3607
3265
3062
2317
2840
903
-32
-1545
-1034
-1839
-4962
-4129
888
933
-4624
-217
1051
1285
3257
359
327
1893
81
-1087
1312
3986
822
-4441
-1031
-870
-1222
-3011
-3399
-3218
-3129
-1405
-779
-7362
-5735
-1081
-4230
118
-4982
-3046
-273
-53
4686
4662
3385
4099
5614
3833
3574
2612
2360
237
-919
-802
569
1304
-2017
-725
-1409
-4994
-3958
-6759
-167
6446
-2729
-2819
-268
2863
1644
2193
5127
1044
5209
344
739
2642
799
4071
3366
2961
2704
4660
2234
3631
-580
-888
625
-2919
-1565
-2456
-2680
-5162
-5168
-5304
-6668
-7325
-5264
-8283
-8101
-4225
-5878
-6579
-6844
-6632
-4418
-3503
-4721
-1867
-2169
-1326
-1751
-2595
-388
-1632
2260
9906
5068
2469
4416
6755
9785
6290
10520
4921
3802
11009
6068
8816
10567
9352
9265
9881
10910
8749
8128
6608
5419
8312
6012
1791
196
2481
555
2303
2305
-2522
-2472
-5213
-3200
-2520
-5816
-8819
-9413
-8867
-9766
-12176
-12422
-13216
-12559
-15088
-16412
-16841
-14086
-12133
-13270
-12175
-14865
-11609
-9607
-621
-9
-4052
2931
4926
3564
3630
9416
11569
11157
12047
11010
11318
11676
13549
13728
12841
10727
10601
10890
10403
11931
9282
9493
4402
4431
7997
6209
6011
1377
2299
2193
-1396
-861
-1588
-1228
-2570
-4985
-5651
-7490
-6497
-7992
-9616
-11618
-11979
-11398
-14105
-15724
-16867
-14874
-15043
-15176
-11827
-5218
-9451
-12349
-8402
-6214
319
384
-1459
-2802
2136
6777
6191
8700
7775
9102
12332
11953
11705
11746
13509
13537
13113
13295
11629
8821
9852
9955
10429
7545
3764
5891
3637
3062
2296
1136
340
-517
-1688
-2478
-4585
-4872
-4674
-5563
-6603
-6928
-7493
-9084
-9070
-13226
-12795
-13888
-10463
-12092
-11400
-279
-4688
-8401
-5227
-2293
2122
785
-280
-635
-2281
-1975
-287
1211
-2200
3842
4021
3429
4579
1482
4911
6168
6578
8611
7239
2283
5932
8085
7549
7185
6128
7816
5526
2222
6441
5413
1152
1090
916
-253
-2451
-2688
-4856
-6965
-6583
-8922
-8279
-7857
-10248
-5866
-9498
-10278
-5676
-4581
605
-2430
-4722
1982
6204
5852
3409
4283
5233
7124
7072
899
3064
5467
3381
1940
2414
387
872
-119
-986
-1558
-1899
-1153
-6729
-1395
578
214
-5115
-6778
-327
-529
205
1778
60
869
895
371
2710
-228
259
-1303
419
-1745
-3871
-866
-1260
-2301
-2262
-1759
-3163
-3993
-419
5655
8671
4841
3975
8670
8924
11573
11214
11132
9443
9541
9983
9714
9879
7979
9167
6462
7189
5369
4156
2569
2287
4519
2280
-3510
-7080
-3024
-1795
-7735
-9763
-10307
-9797
-11586
-10416
-11859
-13865
-8310
-12220
-12841
-14155
-10993
-11091
-9904
-5372
-7097
-7522
-7646
-6242
-6050
-3723
-3212
-1459
6330
8348
4767
2841
7441
14663
12322
11472
10096
9918
10999
10989
12290
11394
11233
11601
11471
8732
6767
6531
5246
4358
4415
3760
5131
3892
-561
-282
283
-2529
-4082
-4978
-6200
-5782
-7863
-8753
-9629
-12935
-12149
-12767
-15971
-14134
-16324
-18307
-16089
-16296
-17795
-17944
-11510
-9512
-10002
-13424
-10779
-7097
-3230
2216
1361
2361
4164
9236
9547
11401
12167
12163
14103
15925
16325
15172
15239
15800
14099
11998
11175
9890
9884
9217
8482
8366
8946
3874
3874
3756
1558
1416
-53
-972
-1082
-3832
-3140
-5179
-7170
-4485
-7890
-9998
-11575
-7978
-12842
-11988
-8031
-9274
-11656
-12231
-11171
-10882
-12490
-17544
-9861
-5923
-5997
-4888
-7925
-3441
3481
-597
4075
3312
194
6524
6049
7218
10865
10834
10652
11895
10880
11629
8460
10118
12055
10569
10205
6475
8763
8204
7667
5446
5344
3062
-1341
1477
-1257
88
-2480
-984
-2248
-6062
-3308
-7151
-6147
-6272
-6784
-5122
-5286
-6791
-5756
-6395
-9227
-9353
-9592
-9253
-8329
-396
-1504
-4693
-374
-1153
-687
-762
-342
-218
-2489
-2387
-724
-970
-1622
-1603
383
884
2251
817
-2896
545
2319
4618
3045
1171
3353
4232
4556
3433
4963
4913
3780
5181
4589
1072
2081
2496
3285
3124
3161
2018
1648
3519
1182
-358
-2860
-1932
-2431
-4692
-3879
-4067
-3276
4388
3069
-605
599
1097
6426
6079
2761
2176
3866
5184
2412
2260
5314
5104
-7
-1609
-142
-648
-3568
-5261
-4138
-4805
-4458
-7361
-6791
-9186
-8053
-5531
-7409
-6522
-5836
-6076
-5491
865
2048
2195
1014
1689
3990
5210
4351
4028
3567
3249
3109
1134
2028
1441
-83
-2607
2755
-1012
-1670
7503
5906
4281
2931
6166
8126
8451
7720
7043
6429
5777
6176
5388
5667
5914
7294
5165
4299
2038
1336
2820
-124
415
-3598
-4333
-4318
-4202
-4222
-8734
-8836
-7822
-8043
-9103
-9338
-9119
-7238
-7298
-3286
-1041
-4712
-9239
-9371
-5325
-4627
-2963
-2459
-1641
-873
-1648
-651
-1263
-1333
-59
5007
10742
1024
2372
8582
9091
9531
7344
10628
5257
7030
8130
4958
6891
6287
7397
5579
4975
4417
3118
569
2062
5884
-144
-639
374
212
-414
-3296
242
-1887
-1890
-2992
-3966
-3350
414
-3291
-8566
-4971
-4866
-5927
-10091
-11967
-12284
-12013
-11697
-12649
-13150
-12954
-12420
-14280
-10520
-9984
-7308
43
1119
-747
572
4171
5834
6995
7726
10028
9248
6761
10309
6555
6970
6698
7990
8523
8395
10168
9583
6639
6774
6758
1559
1093
4285
4075
5491
2207
2618
4307
4463
5136
2060
1321
2454
687
-753
20
-795
-3164
-3403
-3849
-5488
-6061
-8205
-10768
-11161
-11854
-10467
-11637
-8638
-6065
-6146
-8111
-13963
-4508
-8198
-5270
-566
-785
-1375
-3136
-2344
2978
439
4085
7798
3977
7661
7001
7821
9017
9100
5166
7311
7847
8730
12329
6743
4944
5566
9196
9249
4148
6003
7217
6217
5835
2485
2396
2338
2241
3236
1168
-1448
-2345
-2992
-5580
-6183
-9476
-9700
-7923
-10041
-10376
-11199
-5075
-4998
-7519
-3870
-5858
-5522
-3159
-2694
-3100
-6765
-7771
-6156
-7886
-7303
-5862
-6668
-4258
-326
-5873
-3314
3359
-1943
3176
1732
3372
8511
5124
8761
6097
7819
9758
7978
8305
9261
10104
9091
7992
8103
9296
7505
5524
3339
677
2892
2077
727
-1280
-4076
-2496
-4573
-4564
-5345
-3323
3490
34
-3980
-4426
181
2129
-179
959
1583
-838
-5099
-900
-1641
-4417
928
-800
-1818
-1054
-1328
-1066
-2671
-2024
-2438
-2833
-2245
-1335
-2367
-2863
-374
1264
-1971
-5027
-1078
3487
2284
4833
4737
4515
4861
3597
4092
2882
3291
1569
2713
2349
-193
-292
-699
-2519
-2339
-3247
-2836
-1022
1514
3640
-1637
-2604
3241
3492
931
962
1925
2970
3447
3803
1078
887
4146
2879
4251
6587
4265
2388
2306
3573
979
-1655
520
3514
-2202
-2425
1161
-166
-1596
-5791
-5016
-6179
-8158
-6766
-7514
-8244
-1603
-3944
-4258
-2945
-10567
-4583
-6673
-5091
-3238
-5976
-4059
-2336
-1205
-3031
3613
10046
-1069
-3606
2019
1729
4608
3125
3854
1290
4163
5066
6886
9518
7128
8101
7816
6541
7179
6852
5454
7212
5777
5770
4605
4141
5902
5658
6631
5209
2738
3059
745
-1036
403
857
-3531
-4737
-1320
-3237
-6825
-8526
-7590
-8679
-11931
-13913
-13189
-14820
-14274
-14401
-17019
-13202
-13214
-10671
-11034
-9819
-2044
-4464
-4208
3098
1176
1827
6235
6004
7910
7717
8859
11234
11808
9253
9212
12717
13551
10481
10124
12691
11431
11143
10207
6653
5220
8439
7601
6977
6676
6346
6109
3197
3115
3671
640
-445
-1523
-1852
1508
-2687
-4983
-6003
-7316
-8949
-11225
-9876
-8353
-13483
-16671
-14878
-10379
-8134
-9224
-7909
-12023
-10738
-6669
-3622
-4688
-340
326
827
2372
-2757
3831
3019
4407
10524
8385
8171
9791
10822
11146
13374
13229
12559
6733
6083
9643
9354
8100
7100
8135
7644
8907
6628
6153
6034
4489
1904
834
-1485
-2731
-405
-3037
-4941
-4946
-7458
-8556
-11709
-13385
-9926
-12885
-10102
-10646
-8701
-2917
-2745
-6311
-7200
268
-287
2256
1012
-2308
-3473
-2806
-791
-3499
-3895
-3006
-3471
-4658
791
-1480
177
4930
1968
-1838
5184
-234
1208
5414
4029
5332
5233
6282
2995
8228
4375
5367
4031
3490
4193
3113
4096
-364
-390
-4885
-463
-1836
-2110
-2822
-6480
-7448
-8271
-4678
-267
601
279
957
612
4956
4917
5822
6708
1278
7681
5957
4255
5145
6187
3930
2699
5323
5705
3063
-2339
1698
3133
-265
-1416
-2813
-7543
-4967
-5267
-6528
-8373
-4996
-4210
-3326
-2031
-7667
-1932
-1923
-2374
1033
72
-440
901
1183
-680
-3230
-3243
-1431
-6465
-5444
-3966
-3063
-591
-2355
3432
4208
4808
6286
5266
7776
7240
5870
7345
8493
8217
6683
5406
6852
5405
5840
6519
7508
3229
3577
2160
6646
5654
589
-240
1133
-2059
-7541
-940
-4053
-4445
-5395
-5983
-7872
-8245
-9970
-11063
-12076
-13077
-13223
-15948
-12567
-12421
-11093
-11722
-16539
-11036
-9668
-8991
-3854
-2283
-1075
313
5821
9028
4322
4892
6889
11999
13605
11929
14890
12565
11122
13025
13624
9940
7756
9694
11215
11221
11638
9636
7473
8725
7974
5553
4483
5325
881
1228
3530
326
-1248
-3077
-392
-4034
-7073
-5804
-2980
-6890
-7048
-5790
-4805
-7914
-14293
-7280
-9962
-8946
-13058
-15030
-14025
-13288
-12076
-11657
-11875
-8141
-5541
-5444
-1354
-7544
-754
5227
5585
8080
11612
11257
10479
11028
11237
11362
12915
12262
9363
11092
9210
10794
8677
9044
10538
10322
9207
3393
2605
2510
3736
2157
661
2095
-281
-1284
-3659
-2076
-1747
-5064
-6602
-5709
-4201
-3969
-3475
-4201
-4448
-5532
-5247
-5265
-8577
-8174
-9180
-10418
-2705
-1051
-3271
-4814
-1069
-578
-1243
-816
-2613
-2691
-1235
298
-46
4074
2177
617
1550
4589
5161
3385
3926
3075
3431
3530
5391
6566
3865
1866
4819
5144
3240
2221
-475
3344
3010
320
4037
-6150
-4786
-2024
-856
-711
-784
2955
1189
-851
-32
-1988
-3314
-6172
-7673
-5188
-6462
-6487
-985
336
3
-1039
-347
2711
5163
3342
3872
5361
4123
2340
-293
1944
2073
-3387
-2026
-724
-2713
-4645
-4616
-3900
-6343
-5935
-5245
-2297
-8908
-8031
-2084
-5389
-144
1417
-1076
-1794
1037
4256
1869
1597
1592
857
3419
4729
3699
4988
5481
5228
-796
-2358
1213
-4285
-1599
24
1585
7315
3994
2605
6346
5883
7178
7769
4967
7129
6296
4870
4748
7580
7356
5217
4182
1570
880
40
-845
-2314
-2310
-497
-1305
-4195
-8226
-11529
-9393
-10316
-12554
-15500
-15613
-9641
-12173
-11859
-8514
-6125
-6184
-11555
-5129
-2646
-6137
-1811
870
-3992
-839
2627
667
989
473
1766
1504
2680
2241
7613
6072
7524
6348
9195
12365
11194
6117
10571
9264
6449
6891
8834
7453
7665
5943
4834
6343
3091
3550
1037
1400
-1084
-3871
1576
-3898
-7873
-6754
-1337
-3423
-5316
-2193
-3361
-6121
-8056
-3508
-4166
-5424
-7606
-7082
-7736
-11102
-8069
-6908
-8800
-7020
-6765
-6497
-6521
-7868
-2734
-4544
2225
9042
6974
7421
6433
10455
11020
12253
13256
12573
12700
10814
12257
10748
11240
11383
8719
9792
10248
8220
4319
7166
6251
3255
4462
2263
-3756
-3116
-657
-2996
-1386
-1074
-305
-266
-1814
-1621
-983
-2681
-3141
-7499
-7575
-3376
-5385
-5908
-8972
-9070
-8322
-9613
-10465
-7078
-13134
-13545
-10888
-14814
-9120
-3465
-2001
-9110
-6169
-3027
-556
-2021
-5164
4394
3419
2408
6035
5155
5148
5805
10111
8293
5913
6187
5795
4357
4627
6423
5527
5564
4458
3399
4892
6577
4909
-63
2800
3105
4159
5441
-1071
-46
748
2142
1627
-712
-410
-1696
-4399
-3397
-1939
-3082
-4694
-7448
-5009
-4904
-2085
-2270
-2031
-309
-5254
-1138
488
3061
2293
-3413
-1600
-872
-2776
-6742
-3505
-3944
-3794
-473
-3688
-3359
-4812
-1475
724
104
3742
8092
7536
1804
4982
7014
6467
7400
7847
8673
4778
2960
6205
5916
5501
6084
5275
5121
5197
2918
-675
-949
-2547
-5323
-1503
-3233
-5789
-4530
-6032
-6017
1765
-1631
660
-1515
-2322
3511
3254
2293
1081
1698
-734
-1441
-1159
-1425
-489
-2183
-4256
-4481
-3572
-4810
-4412
-4158
-3994
-2952
-4653
-6019
-6800
-6554
-5297
-1028
-4570
-10819
-3490
1386
259
1764
1002
1462
1549
2662
1788
990
2235
2143
3240
504
699
1000
457
-1292
-374
-1050
561
5952
4208
1648
1262
5935
7236
6744
6100
6370
3727
582
3607
1474
501
1290
1787
3903
826
2054
2179
2127
1865
5237
2151
-2258
-35
3446
-3518
-7755
-3410
-2316
-2524
-7819
-8052
-8839
-8932
-6451
-8441
-8531
-8642
-5360
-8095
-4654
-9177
-9410
-5526
-7927
-4740
-2784
-1671
-2756
-1361
-1783
313
722
7947
4474
594
5296
9063
8358
6537
11989
9105
10129
7555
9697
8162
8026
7819
5037
11522
10328
9171
9011
8505
9471
8495
3594
5399
4415
1924
4624
2676
2618
1633
1189
-1055
-2840
-3055
-4144
-4725
-4280
-6828
-8757
-9013
-10230
-11130
-13958
-13117
-15329
-15364
-16072
-17811
-16811
-14461
-12053
-5236
-6000
-10077
-1624
-736
1100
5440
1360
2794
9247
5762
9720
10451
7887
10765
11588
12552
11956
11347
11741
12259
11558
8954
8209
7767
7504
4362
4221
5710
6279
4049
4688
2995
2663
528
-575
-2344
-2674
-2972
-3410
-4561
-6019
-4490
-7624
-8893
-9603
-10105
-12690
-13231
-9486
-8861
-14886
-14736
-10977
-8236
-10818
-11490
-7922
-8971
-2126
-2536
-1773
-1151
-546
-499
1764
4829
1921
7450
6135
9429
11327
8704
11869
13353
13578
13931
12094
13099
11442
9081
12131
10919
11546
11018
10288
9113
8782
4517
2023
2066
1100
1402
-2516
-1750
-4796
-4396
-3703
-6526
-5513
-7818
-8447
-9679
-9093
-11917
-10313
-5753
-4416
-8269
-12131
-160
-793
-1765
-1225
-857
-347
-4
2326
-976
-1416
1194
1374
-4724
1343
-1881
-1863
-2386
-1377
-2485
-931
1678
-1034
-2081
794
6380
4427
6993
1657
6296
3414
4424
3924
2900
213
4020
4933
3723
-2156
-2953
-2953
-3386
-1241
-1508
-7187
-10034
-7416
-7854
-7278
-7438
-8225
-796
2042
-3328
250
2069
3227
2956
5695
7858
6142
8747
8178
8596
4816
7204
7509
8090
7521
2073
3199
7010
3656
-2489
1284
3553
-529
-4640
-1866
-2303
-3748
-4917
-5234
-5786
-7081
-6480
-8163
-3564
-9005
-10065
-4765
-7319
-3362
-1739
-4087
-6160
-4296
-4386
-3784
-4649
-5102
-1455
-526
554
3910
3109
2412
6318
8691
12079
8327
8176
10651
12711
10071
8812
12522
10308
11235
10906
9762
9684
9881
9474
6215
4830
6914
6951
4283
-137
2131
2095
-347
-127
-2344
-3740
-4455
-4631
-6398
-7308
-10352
-9290
-10388
-12087
-12932
-14888
-14908
-17312
-17249
-16996
-17311
-17617
-12490
-15956
-16965
-8575
-8738
-4273
-697
575
1940
3047
8851
12363
10665
7967
11012
13566
13826
13952
13637
12978
14346
14815
16075
15075
10694
12485
11339
9279
7780
8544
6105
3228
4912
4957
3539
1567
-512
-2034
-1971
-3085
-3281
-4333
-5216
-6547
-8203
-10594
-10541
-12420
-14016
-13739
-12521
-13959
-17831
-13494
-13889
-14046
-13225
-12802
-9400
-9982
-8838
-3163
212
-4167
-6429
1459
4599
-1473
1625
6130
5162
7942
8862
9560
12655
13438
13076
14446
13383
14129
13095
10647
8798
5175
8238
6245
7553
8925
6925
5649
1794
3629
2150
1232
499
-1312
-2776
-4279
-3654
-5153
-6877
-4866
-7719
-9363
-8332
-10091
-8915
-9910
-8851
-8124
-6978
-5468
-872
-553
-8566
-1798
1577
799
1587
-79
2638
488
-498
-1533
-1567
1441
314
269
-692
670
509
2584
3315
-431
6383
8801
4943
2520
3489
5373
6110
3538
4064
5207
4679
7032
5485
3036
1787
2492
725
1472
2068
1471
741
-2561
-2184
-2424
-3949
-2306
-3954
-2946
-2204
-3187
-513
466
1789
1119
4488
2801
4280
5763
4539
7583
4623
2982
2477
2714
1012
1477
4540
4114
-3348
-2651
2466
890
-4448
-5885
-4414
-8046
-5718
-6913
-9255
-9475
-8810
-10885
-7763
-6464
-11726
-6230
-7261
-4645
-506
-4042
-3015
-2019
-964
-416
1140
1551
230
198
10
2935
-272
-4200
-860
-281
2035
4425
410
-314
5232
7294
7959
8572
7825
8060
7150
7047
7431
5055
4077
5347
5590
5499
4598
3645
4018
4534
3475
320
1367
-3627
-4241
-2909
-5321
-5978
-12044
-6974
-10423
-10764
-6389
-8530
-8921
-10212
-8342
-10038
-10635
-9382
-11564
-9330
-8520
-12763
-7037
-6364
-5590
-1069
-758
-1303
-878
2765
4705
3768
5147
7263
8132
11659
10467
10816
11317
11770
12978
10061
10565
7386
7583
8468
8638
9091
5760
4730
7261
6003
6001
4980
208
3241
-136
-651
561
-2780
-7452
-1646
184
-3879
-3012
-4040
-2554
-3820
-4461
-3832
-4360
-8090
-5592
-6028
-10326
-10862
-12023
-13765
-11009
-11549
-10041
-9372
-9780
-5772
-5664
-1906
-5121
-2004
4139
3880
6754
7384
6832
9058
10131
9997
11259
10819
11169
11973
10247
7629
9631
11030
9257
10399
9301
7270
3555
1536
2606
2851
5679
3244
2052
2235
2360
1953
2031
160
625
2098
947
1104
-3871
-1950
-1796
-4264
-3659
-7220
-10804
-9242
-7985
-9715
-8429
-5872
-2936
-3789
-6890
-3165
-1455
-2731
-4453
-2482
-1761
-1879
-354
-1668
-5843
-3800
-1868
-2380
-4621
-334
1522
235
912
2814
1672
1646
1041
1666
5865
8594
5029
3594
4651
7784
6818
3962
3573
5705
5329
5388
-2398
-1298
3175
860
1198
139
-197
-1868
-1377
-2757
-5863
-5436
-3951
-2107
-6269
-3685
521
-3702
-4211
-2659
-1022
59
866
250
-449
-598
1766
-1509
-5637
-5293
-2450
-2001
-4653
-5294
-6363
-6701
-10930
-5170
-3121
-2593
-5212
-8213
-1772
-3205
-2147
749
198
4845
7151
6819
6008
1112
6293
7418
8105
9254
7673
7311
6100
5665
4592
3408
3783
1074
1959
1654
-2073
3394
4722
4191
1107
3243
5975
6548
5480
3953
3703
1777
3293
3205
3947
3574
1960
1843
1464
2541
-2158
-5390
-164
-901
-1383
-996
-1947
-3271
-3130
-2058
-3385
-3906
-3913
-4671
-2937
-8130
-9334
-4636
-4797
-4830
-6368
-4165
-6988
-6709
-2943
-3368
-2669
-1022
-2091
-1871
-1573
-1033
-774
-420
1646
316
2468
3888
3113
2426
7657
8574
6490
8584
6371
2706
2461
4202
2416
4308
2233
756
3291
3479
4445
2599
3516
4170
4649
4223
2346
-576
327
4246
3369
-610
-4923
-40
-285
-2714
477
1660
-2479
-7015
-3753
-3660
-6932
-7571
-9853
-10551
-9583
-9753
-9577
-11360
-10116
-11922
-11624
-7388
-6793
-3540
-2044
-2799
-506
3372
4216
5487
7632
7006
7045
6745
9709
5399
3249
8922
9296
11030
9926
8792
9488
9840
8205
5193
8836
8486
5758
7127
1972
2635
5133
4782
5055
4526
4466
3460
3276
1656
981
514
-383
-2521
-4701
-5216
-5553
-7021
-9034
-10132
-10029
-8592
-9486
-13207
-13439
-14102
-11965
-9067
-10681
-10396
-13066
-10868
-6976
-9698
-7781
-7628
-6437
-5857
-6258
-1055
-75
574
3693
4913
4811
5402
10105
7836
9235
10245
8060
7008
8623
7720
9853
8689
7172
6327
7260
8206
3486
4316
4975
4076
3710
2468
1537
2245
999
-1417
-3444
-5450
-4216
-5734
-6415
-6676
-7991
-8690
-6894
-6374
-2600
-3511
-1917
-3965
-8046
-944
-1967
-4230
-4252
-1873
-62
-1563
-3708
-2442
-4574
-2218
-995
82
-123
392
1422
-4780
-1373
-1382
1999
1320
1593
6938
8142
7488
5057
6866
5755
7062
8499
10170
8342
6339
6454
5770
6059
3725
4997
3272
3039
-904
-5586
-3083
-4956
-6086
-5747
-5706
-5322
-4983
-7592
-1796
-3494
-7293
-83
943
2125
2809
3619
3623
1509
2653
2939
478
2850
1514
4495
-319
-2881
2500
-274
461
-1217
-2460
-2427
-2543
-8005
-5989
-4356
-4908
-4522
-5518
-1840
-2887
-3497
-3874
-280
4
-1150
261
564
2267
1576
1865
947
1442
321
-395
-141
177
-1578
-892
-1220
-449
7981
3276
3178
3890
3942
7352
6807
9291
9189
6013
8663
9699
11346
10889
2584
5864
6638
6344
5887
6050
5581
6320
5100
